2959 5000
315 472 354 516 22
637 453 1009 518 ADNOTATIONES

314 633 373 683 nos
388 619 567 682 nominauit.
610 621 788 684 Plutarchus
806 622 844 683 de
858 624 991 684 Solertia
1007 625 1094 686 c.31.
1123 623 1143 686 o‘
1156 623 1216 706 ysip
1230 623 1315 707 Ἁρι-

315 725 591 804 pessumierunt
608 728 719 802 φιλίας
735 721 972 788 attentaturum
988 726 1103 805 ὄφεων,
1124 725 1181 788 διά
1196 723 1232 790 sd
1244 752 1317 790 κοι-

313 822 371 890 νόν
390 825 496 892 αὐτοῖς
510 828 661 904 πολέμιον
678 825 764 886 εἶναι
782 823 839 887 τοι
865 825 968 890 ἀετόν.
1012 827 1099 886 Vnde
1120 827 1216 885 hsec'l
1259 828 1317 886 vi-

314 924 404 986 detur
420 925 522 1004 potius
541 925 690 984 memoria
704 927 805 1003 lapsus
821 947 885 990 esse
896 927 1083 986 Plutarchus.
1125 928 1221 986 Addit
1232 928 1317 986 euim

315 1043 356 1086 ex
370 1025 475 1084 eodem
493 1024 683 1104 Philosopho
698 1026 735 1084 dc
755 1025 888 1084 amicitis
903 1027 995 1086 otidis
1010 1037 1042 1086 et
1059 1029 1141 1105 equi,
1164 1049 1242 1105 quse
1260 1031 1317 1088 lio·

315 1123 366 1184 die
378 1123 411 1182 in
427 1125 516 1184 libris
531 1145 681 1202 nusquam
691 1137 697 1149 ’
707 1124 819 1183 tradita
832 1128 986 1205 leguntur.

213 1286 216 1297 ,
266 1229 269 1234 ’
362 1244 406 1284 11.
419 1225 436 1284 ὁ
450 1225 528 1304 θεὸς]
551 1223 649 1284 Gazae
666 1228 754 1304 lupus
769 1234 942 1299 conterius,
969 1228 1107 1287 'rhomae
1126 1226 1316 1306 quroeeruus.

313 1323 459 1384 'Albertus
469 1325 528 1384 ita:
552 1327 751 1403 [restituentem
758 1339 880 1408 pugnat
893 1352 963 1388 cum
978 1329 1114 1400 aninmls',
1131 1327 1216 1404 quud
1230 1327 1318 1384 tubos
1377 1404 1381 1412 Ι

315 1435 446 1490 vocatur
468 1457 509 1471 -
535 1425 621 1485 tobes
647 1437 750 1484 autem
776 1428 901 1506 quddam
930 1437 1076 1490 estimant
1106 1449 1170 1486 esse
1196 1429 1318 1486 {iucem-

315 1521 469 1603 Deinceps
487 1525 631 1586 Alhertus
648 1546 760 1586 nomen
777 1531 942 1604 ἐλέφαντες
965 1530 999 1588 ίη
1013 1533 1130 1604 elamor
1150 1525 1317 1600 conuertit,

317 1635 349 1686 et
359 1645 496 1703 pugnare
512 1625 555 1684 ait
569 1637 699 1706 tempore
713 1630 831 1700 coitur,
853 1633 949 1688 verba
972 1652 1044 1690 vero
1074 1627 1129 1700 τήν
1151 1628 1207 1686 τοῦ
1229 1623 1320 1698 νική-

291 1759 293 1764 ·
316 1747 435 1791 σαντος
458 1720 568 1802 φωνήν
591 1726 633 1781 ita
655 1724 811 1782 reddidit:
845 1732 929 1785 cerui
949 1743 1054 1788 autem
1074 1733 1188 1786 [timor
1202 1729 1319 1803 guntri-

316 1836 384 1884 tum
397 1827 501 1902 vulpis.
523 1821 642 1880 Plinius
659 1839 703 1880 ιο.
721 1843 743 1880 s.
764 1821 813 1896 95.
838 1823 985 1883 ἅιιιίιίιιιι
1001 1824 1085 1888 thoes
1101 1849 1140 1886 ae
1158 1830 1268 1898 leones,
1289 1834 1320 1884 st

317 1927 446 1982 minimo
462 1942 556 2002 aeque
577 1943 616 1979 ac
636 1923 779 1978 maxim

361 2023 552 2102 διαφέρουσι
569 2021 601 2082 δὲ
618 2027 674 2082 καὶ
691 2019 728 2106 τῇ
747 2017 876 2101 ἀνδρίᾳ]
900 2020 1099 2095 Onesicritus,
1120 2025 1223 2082 classis
1246 2023 1321 2082 Ale-

317 2122 433 2184 xandri
446 2124 627 2202 praefectus,
644 2123 824 2202 elephantos
836 2125 1038 2202 Taprobenae
1055 2124 1173 2183 insulae
1188 2123 1320 2183 maiores

319 2223 593 2300 bellicosioresque
612 2243 702 2301 quam
721 2223 755 2280 in
772 2223 892 2302 relique
908 2224 994 2283 ludia
1004 2225 1086 2302 gigni
1107 2208 1244 2302 scripsit,
1272 2231 1321 2282 te-

318 2333 366 2384 ste
382 2323 483 2382 Plinio
500 2321 527 2381 6.
540 2344 562 2380 s.
579 2325 629 2382 24.
647 2324 747 2400 Atque
762 2323 909 2398 indidem,
928 2335 962 2382 vt
978 2324 1114 2394 videtur,
1125 2324 1271 2383 Aelianus
1283 2323 1318 2385 Η.

319 2423 358 2484 A.
383 2421 428 2495 16,
456 2425 504 2483 18.
538 2429 594 2484 καὶ
612 2421 676 2485 οἵδε
695 2403 859 2498 νησιῶται.
870 2427 1038 2499 ἐλέφαντες
1062 2424 1123 2485 τῶν
1145 2421 1320 2502 ἠπειρωτῶν

321 2520 528 2607 ἅλιιιμωτεροὶ
543 2548 572 2587 τε
593 2520 650 2599 τήν
670 2524 780 2607 ῥώμην
800 2532 857 2585 καὶ
874 2522 1002 2607 μείζους
1023 2523 1098 2590 ἰδεῖν
1112 2532 1175 2589 εἰσι
1187 2532 1244 2585 καὶ
1258 2529 1320 2585 θυ-

320 2649 542 2711 μοσοφωτεροι
559 2626 591 2689 δὲ
603 2625 709 2689 πάντα
724 2624 830 2701 πάντη
844 2623 1003 2703 κρίνοιντο
1018 2624 1069 2686 ἄν.
1112 2628 1255 2705 ipsorum
1269 2626 1320 2684 lu-

319 2729 459 2791 dicorum
486 2728 602 2808 primos
627 2716 838 2807 magnitudine
860 2726 1002 2796 Praisios,
1022 2728 1174 2787 secundos
1193 2725 1320 2784 'sexilss

320 2832 396 2894 facit
412 2830 494 2889 idem
512 2829 558 2887 13.
573 2852 597 2889 c.
615 2830 642 2887 8.
685 2827 802 2888 Plinius
819 2829 846 2887 8.
863 2846 888 2887 s.
903 2850 931 2907 9.
956 2830 1100 2888 Indicum
1108 2828 1184 2909 Afri
1193 2836 1320 2907 pauent,

323 2952 379 2991 saec
395 2932 533 2989 contueri
549 2927 680 2986 audent:
702 2945 774 2985 nom
790 2940 820 2985 et
834 2930 1056 2989 maiorludicis
1070 2928 1251 3007 magnitudo
1264 2937 1319 2997 est.

321 3030 407 3091 Idem
423 3030 547 3090 tradunt
559 3025 706 3104 Polybius
721 3027 749 3100 5,
772 3029 821 3088 84.
844 3030 948 3087 Liuius
975 3030 1025 3108 37.
1046 3051 1072 3088 c.
1090 3028 1138 3106 39.
1163 3028 1322 3106 Appianas

323 3129 440 3211 Syriae.
466 3129 515 3201 31.
543 3125 745 3185 Philostratus
763 3126 797 3185 in
820 3129 884 3187 vita
909 3132 1069 3209 Apollonii
1090 3148 1118 3203 2,
1147 3128 1175 3187 6.
1213 3126 1321 3203 Nuper

324 3230 448 3289 demum
464 3235 664 3304 compertum,
679 3246 740 3285 non
756 3231 855 3288 solum
865 3232 968 3292 animo
984 3242 1015 3290 et
1026 3226 1234 3308 magnitudine
1250 3246 1321 3284 cor·

324 3332 428 3411 poris,
448 3331 502 3391 sed
513 3331 614 3389 l'orme
631 3338 661 3387 et
673 3329 777 3409 specie
790 3330 921 3409 Libycos
936 3330 1060 3391 differre
1077 3332 1113 3388 eb
1130 3326 1243 3385 ludicis
1256 3328 1321 3387 ele-

323 3430 465 3511 phantos.

369 3530 633 3613 πολιμιστηρίοις]
655 3531 765 3592 Versio
788 3530 925 3589 'l'homae
943 3528 1178 3609 pugnatoribus.
1225 3528 1321 3587 Dein-

236 3684 243 3697 .
326 3654 397 3712 ceps
411 3642 472 3695 elul
487 3634 519 3694 δὲ
534 3639 590 3693 καὶ
605 3630 763 3698 ἐλάττονες
782 3630 930 3708 scriptum
948 3631 1043 3689 vertit
1062 3630 1204 3690 Thomas.
1262 3630 1322 3688 Se-

326 3753 423 3812 quens
439 3733 563 3811 τοίχους
580 3735 660 3793 Gaze
680 3732 773 3791 vertit
786 3734 895 3789 esuriit
909 3732 1075 3804 aeslificia3
1095 3729 1197 3809 itaque
1215 3732 1322 3799 οἴκους

326 3834 474 3910 scriptum
488 3835 597 3913 legisse
611 3835 733 3893 videtur
745 3832 907 3910 Scaligero.
947 3832 1008 3891 Sed
1024 3852 1093 3891 cum
1116 3834 1153 3892 de
1173 3852 1231 3890 vsu
1251 3832 1321 3890 bel-

325 3932 387 3995 lico
405 3914 637 4011 elephantorum
653 3932 853 4010 Philosophus
871 3932 1056 3991 mentionem
1069 3931 1184 4004 fecerit,
1208 3932 1322 4010 proba·-

324 4033 419 4093 bilius
438 4045 482 4093 est
499 4056 569 4094 eum
593 4030 635 4095 wi
658 4036 744 4111 ssim
765 4034 931 4113 scripsisse
974 4031 1088 4092 Ctesias
1105 4034 1139 4091 iu
1159 4030 1322 4108 Excerptis
