2959 5000
315 495 318 500 “
346 487 385 550 54
652 488 1014 554 ADNOTATIONES

346 655 467 714 diuerso
483 671 592 733 genere
607 665 636 716 et
648 676 727 731 essu,
749 659 890 718 restituit.
912 661 995 720 idem
1008 661 1089 722 liher
1101 681 1170 724 euni
1187 661 1328 729 Editiona
1374 715 1378 720 ,

346 755 461 814 Veneta
474 766 503 815 et
517 757 607 816 Basil.
627 754 1018 839 λαμυριζούοηςεοτὶρῑοιιι
1038 761 1134 822 habet
1177 765 1211 824 lu
1229 766 1329 826 varie-

346 863 406 913 tate
419 855 704 947 ᾷιοιμαοησαμίνας
723 874 791 942 cum
806 858 959 922 Athenaeo
983 862 1056 920 feeit
1078 862 1260 940 Antigonus,
1286 865 1330 924 ita

346 963 381 1012 vt
394 964 454 1012 tots
471 955 619 1016 sententis
634 974 693 1014 non
710 953 748 1027 sd
760 953 859 1012 solum
872 977 1006 1030 marem,
1027 962 1081 1020 sed
1106 963 1145 1022 ad
1167 974 1329 1043 virumque

345 1074 452 1114 sexum
462 1056 619 1114 reseratur.
661 1051 721 1110 Sed
735 1052 839 1123 miror,
852 1054 935 1114 risos
950 1060 1054 1119 doetus
1068 1065 1329 1124 manducationem

322 1189 326 1196 .
346 1154 554 1213 columbarum
574 1152 655 1209 ferre
666 1149 814 1228 potuisse,
843 1172 911 1214 cum
936 1154 1076 1218 dentibus
1093 1172 1222 1222 careant
1263 1163 1329 1224 Neo

346 1264 451 1332 potest·
467 1254 497 1312 id
517 1251 644 1308 verbum
665 1250 824 1310 commode
843 1253 882 1318 sd
907 1256 1126 1320 emollitionem
1146 1261 1330 1338 inprolobo

323 1379 327 1388 ¹
345 1354 453 1413 fantum
475 1349 606 1426 referrip
626 1367 772 1426 nusquam
789 1352 871 1413 enirn
886 1372 921 1412 ea
936 1355 973 1414 de
988 1375 1024 1416 re
1039 1358 1073 1418 id
1086 1361 1173 1420 verbi
1193 1360 1333 1420 adhibuit

346 1469 407 1511 nee
420 1450 566 1509 adhibere
578 1447 677 1524 pomit
686 1447 896 1530 Philosophus.
914 1484 917 1489 ,
937 1453 1027 1525 Quod
1041 1467 1143 1518 temen
1163 1459 1190 1519 si
1210 1459 1244 1518 iu
1255 1458 1333 1523 reli-

348 1569 408 1629 quo
423 1551 490 1609 niho
507 1551 607 1609 iacere
618 1548 783 1620 voluisset,
804 1560 885 1610 certe
898 1556 931 1611 in
942 1564 1025 1616 terra
1037 1559 1116 1618 salsa
1132 1561 1232 1622 {noers
1244 1558 1333 1617 nullo

326 1648 439 1708 ‘modo
453 1646 567 1725 potuit,
589 1647 673 1724 qussi
692 1648 730 1706 de
748 1651 849 1725 granis
866 1653 1058 1716 emolliendis
1075 1667 1107 1716 et
1130 1658 1168 1715 ad
1189 1657 1333 1735 digestio-

322 1766 418 1806 ·nem
439 1747 595 1824 pullorum
614 1748 832 1823 praeparandis
853 1769 953 1810 sermo
971 1762 1057 1810 esset.
1102 1755 1227 1814 Accedit
1246 1758 1330 1818 locus

324 1881 327 1888 ·
348 1845 455 1916 Plinii,
478 1845 529 1903 vbi
541 1852 587 1900 est
610 1847 767 1902 salsiorem
786 1856 899 1905 terram
922 1852 1095 1925 collectam,
1118 1855 1201 1932 quod
1219 1873 1258 1912 ex
1274 1874 1333 1911 no-

347 1953 411 2002 stro
431 1944 463 2001 in
482 1943 678 2020 collaudatam
696 1949 844 2000 mutatum
869 1946 969 2006 voluit
992 1949 1156 2015 Pintianus.
1200 1953 1279 2013 Sane
1299 1954 1333 2013 id

347 2041 537 2102 tolerabilius
554 2048 647 2115 esset,
668 2059 760 2117 quam
772 2063 912 2102 mausum
925 2047 975 2114 vel
998 2049 1228 2124 manducatam,
1251 2053 1333 2131 qnod

321 2180 326 2190 ·
347 2161 488 2222 grsemim
503 2140 630 2200 verbum
646 2137 808 2217 significat.-
841 2140 902 2202 Sed
914 2144 993 2204 nihil
1012 2148 1188 2208 mutandum
1214 2169 1334 2212 censeo.

323 2239 509 2320 -Expressit
523 2241 603 2298 enim
625 2238 743 2300 Plinius
762 2239 943 2320 seripturam
966 2241 1203 2325 διαμησάμενος
1224 2247 1256 2304 in
1278 2251 1334 2310 illa

349 2340 461 2400 vitiosa
486 2338 671 2416 optimorum
693 2338 843 2399 librorum
868 2323 1153 2423 διαμασησάμενος
1182 2346 1333 2408 latentem.

349 2442 447 2518 Atque
461 2437 539 2496 hene
552 2438 651 2515 ipsum
665 2436 850 2517 Philosopho
864 2441 1023 2500 restituere
1035 2459 1099 2499 non
1112 2443 1257 2504 dubitaui.
1280 2446 1335 2509 Est

323 2570 326 2583 ·
351 2540 389 2600 ab
406 2537 579 2621 ἀμᾶσθαι,
600 2536 798 2619 disperierint.

321 2632 329 2699 ’.
393 2638 540 2717 εἰσοτύει]
562 2636 700 2697 Vidimus
713 2635 861 2696 Athenaei
884 2646 915 2696 et
929 2637 1047 2696 Aeliani
1065 2641 1250 2716 testimonia,
1280 2645 1334 2705 vbi

322 2788 324 2795 ,
350 2738 381 2799 h.
393 2740 414 2798 l.
430 2746 653 2817 excerpserunt.
694 2740 735 2796 At
754 2736 836 2795 vnde
856 2737 954 2797 dicam
974 2738 1159 2798 Athenaeum
1183 2742 1332 2819 habuisse,

352 2842 434 2917 quod
446 2840 479 2899 in
492 2838 571 2897 serie
586 2838 730 2899 oontinue
742 2839 906 2897 verborum
921 2836 1091 2896 Aristotelis
1105 2840 1223 2916 posuit:
1242 2839 1335 2901 'Enni-

355 2934 423 3009 άζει
441 2937 465 2997 δ’
481 2943 513 2996 ἐν
528 2933 677 3013 διαδοχῆς
689 2933 755 2997 πῶν
774 2936 811 2996 τό
826 2937 1058 3017 περιονεροειόἐς
1081 2942 1186 3016 γένος,
1208 2947 1264 3001 καὶ
1284 2964 1335 3020 ys-

298 3092 304 3099 .
353 3040 496 3116 νομένων
507 3022 568 3096 Ιτῶν
583 3033 709 3098 νεοττῶν
723 3032 742 3097 ὁ
755 3056 857 3116 apum
866 3035 990 3116 ἐμπτύει
1013 3033 1135 3110 αὐτοῖς,
1154 3037 1194 3104 ῶς
1209 3036 1255 3120 μή
1269 3046 1334 3122 βα-

301 3164 326 3191 -i
355 3135 527 3198 ouurdrins.
550 3134 603 3192 vbi
620 3130 779 3201 udroirex
799 3136 916 3194 duobus
940 3134 1033 3197 codd.
1052 3137 1181 3198 inseruit
1199 3158 1333 3216 nuperus

353 3234 470 3296 Editor.
488 3236 601 3295 Locum
616 3234 706 3293 istum
721 3235 865 3295 Aelianus
887 3234 923 3292 V.
942 3234 978 3293 il.
995 3234 1015 3293 l.
1034 3238 1078 3305 ιδ.
1099 3238 1139 3295 itn
1154 3238 1335 3317 exscripsit:

354 3334 420 3395 risu
434 3335 494 3397 τῶν
510 3334 639 3397 νεοττῶν
654 3338 824 3417 γενομένων
834 3332 854 3394 ὁ
863 3330 965 3414 ἄρ’ῥην
979 3331 1101 3413 ἐμπτύει
1114 3334 1235 3410 αὐτοῖς,
1257 3334 1335 3399 οἱπε-

318 3470 321 3476 -
355 3430 478 3495 tantvm
489 3430 544 3495 τῶν
562 3434 708 3511 φθόνον,
730 3440 847 3513 φασιν,
866 3430 980 3512 ἵναμή
995 3434 1206 3512 βασκανθῶσι
1220 3433 1258 3496 δι’
1269 3436 1336 3515 ἄρα

353 3533 452 3595 τοῦτο.
496 3533 704 3595 commentum
720 3536 780 3595 huo
795 3531 833 3589 iis
848 3531 992 3601 debetur,
1013 3532 1065 3606 qui
1080 3534 1224 3595 moralem
1238 3538 1335 3595 inter-

315 3664 317 3671 ·
353 3634 556 3711 pretationem
582 3632 727 3693 historiae
748 3630 879 3690 naturali
899 3628 1069 3688 intulerunt
1088 3641 1176 3709 atque
1202 3632 1244 3691 ita
1266 3653 1334 3693 eum

353 3732 443 3807 plane
456 3742 677 3812 peruerterunt.
717 3735 852 3811 Apparet
864 3729 915 3787 vel
923 3725 1008 3798 hinc,
1028 3741 1138 3808 quanto
1151 3732 1226 3791 fides
1237 3733 1335 3793 Athe-

353 3830 423 3890 naei
435 3831 476 3889 sit
489 3832 643 3906 habenda,
666 3831 718 3889 vbi
733 3826 903 3889 Aristotelis
919 3839 1078 3908 praesepta
1093 3833 1193 3891 refert

397 3937 424 3985 5.
439 3928 682 4009 παροχεύονναι]
711 3927 798 3989 Falso
816 3927 909 4005 igitur
929 3925 1045 3986 Plinius
1069 3930 1088 3988 l.
1109 3934 1134 3987 A
1158 3930 1198 3987 ab
1217 3929 1266 3989 liis
1280 3950 1334 3989 oo-

354 4024 522 4089 hunburmn
537 4036 665 4090 murinis
680 4038 856 4108 spectantur
876 4028 969 4087 sinuli
990 4031 1108 4088 ratione
1121 4048 1216 4089 mores
1226 4030 1317 4091 iidem
1320 4051 1335 4104 ,·
