2959 5000
384 560 385 564 ,
471 492 531 563 ΔΙ)
573 499 703 562 LIBRI
744 501 796 577 IV,
821 523 848 563 1.
1083 504 1143 565 535

157 664 285 741 matrix,
305 690 394 751 quem
416 669 605 749 saepiuscule
625 667 804 727 Ariatotelea
824 665 955 749 δικρόαν
974 672 1008 730 in
1029 672 1147 755 anima7

156 771 233 833 lium
249 790 361 849 genere
380 770 559 829 nominauit.
602 765 736 844 Scaliger
754 765 786 827 in
810 768 1001 827 annotatione
1015 770 1149 832 breuiter

155 870 199 931 ita
219 870 356 931 adhunc
373 871 488 931 locum:
509 870 616 929 Sinum
639 868 735 927 voluit
752 867 850 927 dicere
856 908 868 936 ,
890 888 952 925 non
973 867 1148 947 solumsur-

156 990 239 1043 uam,
270 980 303 1028 vt
324 974 358 1029 in
380 969 572 1041 matricibus,
602 964 830 1049 quaeritandae
852 967 927 1025 dreit
946 965 1149 1045 praefurcato,

156 1088 218 1129 non
235 1068 395 1145 bifurcam.
426 1070 552 1129 Videtur
569 1067 661 1147 igitur
677 1065 831 1147 duplicem
845 1084 1021 1125 mucronem
1040 1084 1151 1125 cauum

154 1168 288 1247 intelligi
303 1169 451 1244 voluisse,
469 1176 504 1227 vt
516 1166 597 1229 uteri
610 1167 746 1229 bicornia
760 1186 857 1225 cornu
869 1174 1030 1243 utrumque
1043 1185 1152 1225 cauum

157 1278 211 1329 eat.
253 1267 313 1327 Sed
330 1270 407 1329 baec
425 1267 511 1327 notio
525 1270 675 1329 vocabulo
692 1287 799 1347 graeco
819 1287 881 1326 non
899 1265 993 1339 ineat3
1019 1286 1091 1345 ergo
1102 1264 1154 1325 in·

155 1368 231 1427 ferri
247 1367 384 1427 versioni
403 1388 466 1426 uon
479 1368 614 1429 debebat
655 1368 793 1446 Scaliger
807 1378 905 1425 tamen
923 1366 982 1424 alia
999 1365 1152 1447 cogitabat

156 1466 195 1525 de
206 1486 296 1525 sensu
310 1465 387 1537 loci,
400 1475 434 1525 ut
447 1467 575 1528 inleriua
590 1468 714 1527 docebo.
748 1466 865 1525 Deinde
878 1468 971 1525 ver-ba
984 1471 1048 1528 icti
1063 1463 1155 1529 ’δἀὐ·

156 1562 196 1638 rei
209 1570 257 1625 iul
269 1563 307 1649 τῇ
320 1562 414 1645 dailei
423 1570 518 1628 vertit
528 1571 656 1628 ataitum
667 1587 755 1646 anper
767 1568 864 1639 dorso,
885 1570 1053 1629 accuratius
1062 1587 1153 1645 quam

158 1665 237 1725 Gaza
251 1663 397 1742 dorsoque
413 1668 570 1726 adnexum.
605 1664 792 1747 Praepositio
808 1664 890 1725 enim
906 1672 958 1729 tot
974 1664 1155 1746 simpliciter

155 1764 258 1825 locum
273 1773 305 1822 et
319 1763 411 1825 eitum
427 1766 579 1847 designat,
598 1764 706 1822 modus
719 1766 957 1840 coniunctionis,
975 1768 1001 1825 ai
1015 1766 1081 1845 quia
1100 1773 1159 1855 eat3

158 1863 219 1923 alio
240 1864 390 1923 vocabulo
412 1862 517 1925 addito
535 1862 748 1944 significandus
773 1875 846 1927 erat.
888 1867 1054 1926 Audiamua
1072 1886 1156 1925 nunc

159 1964 283 2025 Gallum
297 1961 438 2023 Cumum:
464 1965 490 2023 la
503 1964 630 2035 dernier,
651 1965 678 2023 le
686 1966 756 2045 plue
766 1969 878 2047 poium
890 1966 926 2025 de
944 1977 1030 2037 tour,
1052 1966 1078 2025 le
1092 1964 1160 2025 ocul

159 2069 214 2147 qui
226 2068 286 2122 coit
300 2064 479 2124 blauckdtre
493 2076 524 2123 et
539 2066 650 2143 aepore'
664 2085 701 2121 an
715 2066 794 2125 deux
812 2070 834 2125 d
848 2088 904 2125 aon
918 2068 1089 2140 excercitus,
1112 2065 1158 2130 tm·

160 2176 221 2223 am
246 2164 323 2225 dam
335 2166 360 2223 Ι*
372 2165 606 2243 accouplement.
648 2165 680 2225 11
699 2174 744 2222 eat
764 2166 855 2245 place
873 2187 926 2225 aur
942 2166 968 2225 l'
989 2170 1094 2247 dpim:
1116 2183 1158 2223 cn

160 2282 279 2323 nomme
293 2265 375 2323 nimi
387 2264 464 2323 dana
473 2265 500 2323 Ie
510 2265 619 2347 polypo
631 2266 661 2323 Icr
672 2267 773 2344 partie
782 2266 850 2325 boae
860 2268 1067 2327 curie-devant
1077 2265 1113 2325 de
1125 2264 1158 2345 Ic

161 2362 256 2444 quelle
269 2374 475 2426 comancent
490 2365 531 2422 lea
550 2364 674 2425 cellulae.
700 2361 794 2425 Recte
813 2364 856 2440 ir,
873 2366 993 2427 deserto
1011 2360 1159 2445 Scaligeri

160 2465 313 2544 exemplo,
328 2461 506 2542 interpretis
522 2464 619 2524 officio
627 2464 750 2526 functus
764 2486 885 2528 eentum
891 2470 1057 2530 verborum
1070 2483 1159 2547 grac*
1209 2523 1213 2529 ,

160 2584 266 2624 corum
293 2563 436 2622 reddidit
480 2562 593 2624 Omnes
620 2583 694 2624 vero
719 2565 829 2624 vitium
858 2567 1003 2626 orationis
1029 2585 1158 2645 graecae

159 2663 308 2724 vertendo
328 2671 471 2722 texerunt
483 2672 515 2721 et
529 2663 681 2736 celarunt,
708 2663 793 2740 ¹quod
808 2662 1007 2722 subodoratus
1025 2663 1160 2742 Scaliger
1273 2713 1275 2718 .

161 2761 322 2823 annotauit
350 2763 439 2824 baec:
466 2760 647 2822 Pcrentlteai
673 2762 767 2842 leuga
796 2773 841 2821 eat
869 2781 940 2820 crue
967 2762 1159 2831 Ariototeler,

162 2883 255 2943 quum
284 2881 339 2918 noa
365 2865 595 2943 compuauimue.
637 2858 760 2920 Licebat
778 2863 839 2922 boc
858 2860 1018 2940 interpreu'
1045 2860 1158 2934 latin03

163 2960 219 3018 aed
248 2979 353 3036 graeca
396 2961 593 3039 interpretari
630 2971 720 3038 atque
759 2961 917 3040 explicare
949 2961 1081 3020 officium
1113 2969 1159 3019 eat

164 3055 314 3129 Editoria,
347 3077 406 3136 quo
427 3037 537 3118 vereor
557 3069 591 3119 rt
602 3059 637 3120 in
648 3060 785 3122 hocloco
801 3080 950 3140 prospero
965 3081 1034 3122 cum
1047 3069 1160 3121 euentu

163 3157 252 3238 fungi
274 3156 398 3236 poesim.
439 3155 494 3218 Eut
515 3157 596 3218 enim
611 3158 663 3218 bic
680 3159 766 3222 locus
784 3161 866 3222 inter
883 3161 1097 3231 difficillimos,
1120 3159 1159 3221 de
1208 3186 1212 3192 ·

165 3278 226 3336 quo
248 3258 430 3337 explicando
444 3256 505 3318 iam
519 3259 602 3318 olim·
612 3259 665 3320 diu
679 3260 869 3340 multumque
882 3262 935 3320 aed
948 3263 1064 3321 lruatre
1076 3259 1161 3338 cogi-

163 3368 308 3420 tauerim.
351 3357 417 3420 Hoc
432 3368 533 3418 umen
547 3349 739 3422 manifestum
760 3380 823 3420 esee
836 3361 913 3422 mihi
930 3359 1159 3436 mandetur,
1256 3387 1259 3392 ·

164 3461 278 3533 verba,
291 3479 368 3538 quae
388 3457 578 3538 pauenffieaia
590 3459 766 3539 importuna
775 3458 908 3534 inclusit,
927 3481 982 3520 auo
996 3462 1065 3519 loco
1078 3467 1162 3518 mota

165 3556 296 3618 alienam
311 3559 413 3620 eedem
430 3580 603 3640 occupaaae.
632 3559 799 3640 Designant
814 3580 850 3620 ee
863 3559 1021 3620 brachium
1036 3555 1161 3635 aliquod

166 3658 292 3738 polypi,
314 3655 511 3745 (πλεκτάνην)
526 3663 652 3740 eimque
663 3661 763 3722 eitum,
784 3660 865 3720 Situa
878 3669 979 3722 eutem
993 3657 1161 3737 assignatur
1188 3738 1194 3747 ι
1257 3675 1262 3683 ·

168 3755 201 3814 in
212 3771 300 3837 purte
311 3761 473 3840 'superiore
489 3760 607 3822 braobii
620 3760 700 3822 laeui
707 3805 715 3835 ‚
734 3771 902 3841 antequam
911 3769 1083 3823 antroraum
1091 3777 1161 3819 ace-

168 3857 269 3918 tabula
285 3861 384 3936 posita
400 3872 478 3921 aunt
520 3861 591 3922 Alio
605 3859 688 3920 enim
709 3881 798 3939 quam
810 3862 850 3922 ad
864 3861 1019 3922 brachium
1036 3858 1162 3936 aliquod

170 3957 265 4014 verbe
276 3961 391 4020 rel'erre
406 3963 564 4022 nonlicet.
598 3959 645 4020 De
658 3962 781 4022 brachio
794 3962 897 4040 aliquo
911 3979 1014 4022 sermo
1028 3969 1162 4018 anteces-

169 4051 225 4125 ¹lir
243 4057 326 4114 cuitu
337 4061 431 4139 figura
446 4070 476 4122 et
485 4062 570 4122 color
581 4059 762 4124 describitur
767 4084 777 4138 3
798 4061 836 4120 ud
845 4060 903 4120 hcc
912 4061 991 4120 idcna
1004 4059 1160 4120 brachium
