2959 5000
318 480 373 552 17‘4
568 490 571 498 ·
630 467 848 532 ADNO'l'AT
855 469 999 532 1οΝΕὸ

312 633 453 703 δ’όλιεδς
467 640 585 713 ἐκείνην
603 635 659 700 οὐκ
676 635 837 713 ἐδείπνησε.
852 637 904 697 vbi
920 658 997 718 quae
1011 649 1191 718 sequnntur.
1208 644 1301 704 cham

311 743 344 800 iu
358 737 522 799 nouissima
537 739 646 820 egregii
655 739 915 814 CoraiiEditionc,
931 740 1102 820 προϊοῦσαν
1112 741 1167 814 τῆς
1179 742 1305 803 θαλάτ-

311 863 376 914 της,
392 839 545 918 pertinent
558 839 595 897 ad
606 859 733 918 sequens
743 849 833 916 caput
845 841 883 898 de
894 839 1095 899 tesmdinsuus
1106 842 1243 915 marinis,
1260 843 1305 903 ita

311 939 502 1018 corrigenda,
523 949 556 998 vt
574 939 740 1021 προϊοῦσαι
761 939 885 1014 legatur,
907 943 988 1016 quod
1004 943 1085 1003 vidit
1096 945 1185 1003 etiam
1199 942 1306 1022 steph.

311 1037 445 1098 Bernard
463 1037 495 1095 in
510 1037 750 1098 annotationibus
765 1035 851 1095 MSS.

352 1141 535 1200 ἀλίσκονιαι
553 1135 597 1216 δέ]
617 1136 664 1195 Ex
679 1133 753 1194 tted.
771 1135 805 1194 V.
820 1137 853 1196 A.
869 1134 929 1218 γάρ
940 1137 1086 1217 praetulit
1100 1138 1218 1199 Comus.
1239 1139 1305 1199 Dc·

307 1241 411 1319 inceps
430 1239 583 1315 vulgatum
609 1237 731 1301 πολλοῖς
752 1233 931 1316 ἀγκίστροις
952 1257 991 1298 ex
1016 1235 1121 1297 bladic.
1144 1239 1245 1296 Carris.
1270 1239 1304 1298 V.

308 1337 480 1398 emendauit
493 1337 581 1395 item.
603 1333 763 1414 Oppianus
778 1335 844 1396 list
861 1335 895 1414 3,
910 1341 958 1416 78.
974 1341 1236 1416 πολοαγκέοτροος
1248 1337 1306 1416 όρ-

305 1435 383 1518 μεάς
397 1443 493 1495 vocat.
695 1441 700 1452 “

348 1533 492 1618 ρὀαδεσι]
512 1531 674 1613 vulgatum
700 1532 811 1616 ρὀόδεοι
832 1536 968 1596 correxit
986 1534 1103 1593 Carnus.
1137 1532 1217 1590 Gaza
1229 1553 1303 1593 vcr-

304 1635 358 1694 tit:
380 1637 503 1714 gurgite
521 1636 659 1713 praealto
677 1648 705 1694 et
714 1639 881 1712 fluctuoso.
918 1634 1064 1693 Thomas:
1086 1635 1122 1690 in
1139 1633 1304 1708 fluxilibus

304 1747 334 1796 st
350 1733 509 1815 prsfimdes
534 1733 615 1791 locis.
653 1733 684 1792 C.
703 1733 820 1794 Gesner
843 1731 880 1792 ll.
894 1733 928 1793 A.
945 1755 973 1813 p.
991 1751 1079 1793 1011.
1094 1733 1249 1810 vulgatum
1266 1733 1304 1789 in

303 1833 466 1908 πετρώδεσι
483 1833 622 1892 mutabat.
656 1829 800 1891 Aelianus
812 1831 849 1890 11.
864 1833 899 1892 A.
919 1831 971 1906 tlt,
986 1835 1037 1891 nl.
1054 1829 1181 1911 ρὀιόδεις
1196 1826 1303 1910 ἀκρας

298 1929 414 1992 'aestate
430 1950 446 1986 a
463 1929 610 1989 caniculis
628 1930 754 2014 marinis
771 1931 898 1989 habitari
913 1929 964 1988 ait.

346 2035 383 2091 αἱ
398 2029 507 2110 ἀμιαι]
529 2029 705 2089 Plutarchus
728 2030 769 2089 de
788 2029 919 2088 solertia
934 2049 963 2106 p.
980 2046 1048 2105 191.
1065 2025 1181 2107 ἀμίαις
1198 2029 1228 2089 δῖ
1243 2035 1304 2093 καλ

303 2129 445 2211 τοῦνομα
462 2132 653 2208 παρέσχηκεν
667 2127 684 2189 ό
700 2127 944 2209 συναγελασμός.
977 2127 1132 2206 Scriptum
1146 2128 1188 2187 ita
1205 2149 1303 2208 opor-

302 2235 385 2290 tabat
402 2229 530 2309 ἀμιάις,
553 2229 634 2305 quod
657 2229 730 2287 alibi
751 2230 874 2286 l'actutn.
910 2228 956 2288 De
977 2231 1056 2286 antia
1074 2231 1141 2287 luca
1160 2239 1301 2290 veterum

302 2330 428 2387 collecta
448 2326 535 2405 posui
553 2326 584 2384 in
608 2325 720 2386 Histor.
739 2327 796 2385 litt
813 2327 886 2389 Pisc.
904 2349 933 2409 p.
949 2327 997 2388 66.
1011 2349 1074 2408 sqq.
1093 2327 1202 2404 quibua
1219 2330 1299 2387 addo

301 2449 385 2487 nunc
400 2425 592 2486 Plutarchum
609 2425 647 2485 dc
662 2425 794 2486 Solcrtia
806 2449 835 2507 p.
854 2430 920 2490 183.
933 2428 992 2490 τῶν
1009 2425 1221 2509 δ’ἀγκὶοτρων
1233 2432 1299 2495 τοῖς

302 2526 501 2610 στρογγύλοις
514 2532 561 2587 tul
576 2528 718 2603 κεστρέας
729 2532 785 2587 καὶ
799 2527 900 2609 ἀμίας
911 2528 1054 2609 χρῶνται
1066 2528 1299 2611 μικροστόμους

302 2624 411 2696 ὄντας·
435 2624 470 2690 τό
489 2625 549 2706 γάρ
569 2622 735 2705 εὐθύτερον
750 2624 968 2713 εὐλαβοῦνται.

344 2727 475 2795 ὀδόντας
498 2724 666 2806 ίοχυροάς]
694 2726 825 2806 Puguam
852 2749 921 2789 cum
943 2726 1097 2807 delphinis
1122 2728 1296 2790 describens

302 2826 461 2908 Oppianus
472 2826 599 2885 llalieut
614 2822 647 2899 ll,
664 2827 733 2885 553.
751 2848 814 2906 sqq.
828 2830 896 2893 ταῖς
908 2830 967 2907 μέν
979 2824 1202 2906 ἀφαυρότερον
1214 2828 1296 2891 δόν-

301 2952 364 2992 νων
374 2929 484 3009 δέμας,
499 2922 585 3004 ἀμφὶ
598 2923 629 2984 δέ
644 2924 756 3003 οάρκες
762 2924 935 3007 ἀβληχραλ,
950 2926 1067 3007 θαμέες
1076 2924 1107 2985 δέ
1121 2926 1177 2987 διά
1190 2950 1296 3012 στομα

301 3026 421 3109 λάβρον
437 3022 557 3091 ὀδόντες
570 3022 641 3093 ὀξέα
656 3022 845 3102 περρίιαοι·
864 3024 901 3087 τό
910 3030 966 3085 καὶ
975 3029 1057 3108 μέγα
1071 3026 1194 3111 θάρσος
1205 3031 1296 3109 ἔχου-

300 3148 360 3187 σιν.
369 3124 427 3183 “vbi
441 3122 542 3205 στόμα
556 3121 673 3205 λα’βρον
686 3142 825 3205 magnum
839 3148 872 3186 os
884 3148 944 3205 quo
959 3128 1059 3195 miuus
1072 3129 1292 3211 interpreteris,

299 3228 385 3287 locus
397 3223 550 3283 Plutarchi
568 3232 654 3281 antea
665 3225 781 3301 positus
791 3226 926 3303 impedit.
956 3226 1087 3289 Eandem
1101 3248 1230 3309 pugnam
1240 3232 1294 3290 dc-

298 3328 434 3386 scribens
453 3324 596 3383 Aelianus
619 3320 657 3384 11.
679 3324 711 3383 A.
741 3348 764 3398 ι,
784 3326 812 3383 b.
828 3344 884 3402 pro
899 3326 977 3385 amia
990 3328 1124 3407 τρόκτην
1140 3330 1292 3403 nominat,

298 3428 401 3485 nescio
417 3447 478 3505 quo
495 3435 625 3484 auctore.
665 3420 775 3481 Putant
790 3428 962 3488 scombrum
978 3428 1086 3487 amiam
1100 3427 1227 3488 Linnaei
1242 3428 1293 3485 iu-

298 3526 401 3606 telligi.

339 3628 440 3706 λαμια
456 3660 496 3673 -
513 3621 768 3701 xatstuotuoa]
789 3622 949 3700 vulgatum
965 3622 1048 3705 ἄμια
1068 3644 1106 3684 cx
1123 3626 1201 3687 Med.
1216 3628 1289 3688 Can.

298 3722 336 3781 V.
353 3726 386 3783 A.
405 3727 542 3784 versione
560 3724 695 3783 'l'homac
712 3734 741 3783 et
754 3722 851 3781 Gazae
865 3724 1001 3783 correxit
1016 3724 1132 3786 (lamus.
1166 3730 1229 3809 Ego
1244 3740 1291 3788 ct-

297 3821 357 3879 iam
377 3824 529 3902 vulgatum
549 3826 801 3884 και“ελκυο19εῑοοι
824 3843 863 3881 cx
886 3822 962 3881 tted.
980 3824 1079 3883 Canis.
1103 3836 1133 3884 ct
1150 3832 1293 3890 versione

271 3920 278 3937 '
298 3920 434 3981 Thomas
447 3924 616 3985 emendasti.
652 3922 710 3983 llic
726 3923 818 3985 habet
834 3924 975 3985 νέοαοέα
1009 3928 1056 3989 Dc
1069 3930 1162 3988 lamia
1175 3928 1290 3992 dictum

297 4020 336 4079 ad
352 4020 386 4096 5,
402 4022 431 4083 5.
