2959 5000
320 457 493 520 ADNOT.
527 456 588 519 Au
630 456 758 521 LIBRI
800 451 837 520 X.
879 461 972 524 CAP.
1015 465 1038 526 l.
1123 465 1185 524 265

196 631 268 691 dnm
286 627 358 688 satis
373 625 407 684 in
422 635 487 685 arte
504 625 609 686 critica
624 627 819 702 exercitatae,
840 638 1032 706 occupatum,
1058 633 1181 712 ingenio

194 731 258 788 eius
273 727 348 787 alias
362 726 512 786 acerrimo
522 735 554 785 ct
566 726 755 805 sagacissimo
771 735 867 784 tentas
882 726 1023 786 offudisse
1036 735 1181 802 tenebras,

192 839 227 889 rt
247 838 400 887 auctorem
422 825 496 887 libri
516 825 670 885 diuersum
693 828 730 885 ab
754 825 916 886 Aristotele
938 848 1097 906 agnoscere
1118 853 1180 893 non

191 941 303 1013 posset
339 928 453 989 Verum
471 930 569 986 temeti
590 923 687 986 effecit
709 923 799 985 etism
820 926 852 984 in
872 926 930 986 boc
951 928 1055 989 libello
1078 951 1180 990 emen-

192 1031 308 1098 dando,
326 1025 473 1108 'quantum
486 1029 523 1087 ab
534 1024 591 1083 isto
600 1025 724 1104 ingenio
736 1031 767 1084 et
780 1023 817 1082 ab
833 1025 898 1084 istis
912 1030 1098 1106 temporibus
1111 1040 1180 1106 pot-

192 1140 257 1192 erat
279 1126 440 1209 expectari.
479 1123 550 1184 Non
571 1126 670 1184 solum
689 1126 773 1184 enim
797 1125 874 1190 vitta
893 1128 1062 1206 scripturae
1084 1129 1180 1189 multis

191 1229 376 1303 emendauit,
395 1225 447 1284 sed
458 1224 527 1283 loca
539 1225 627 1290 etism
640 1223 755 1302 aliquot
769 1245 786 1283 a
799 1224 934 1284 ltbrsrtir
946 1247 962 1284 a
976 1249 1029 1286 sus
1043 1228 1114 1286 sede
1128 1245 1178 1288 rea

187 1339 269 1389 mota
284 1330 360 1388 etin
376 1324 506 1385 alienam
520 1324 654 1403 repbsita
670 1326 859 1402 sagacisrimc
873 1326 1025 1405 indapam't
1038 1339 1067 1387 et
1080 1328 1111 1388 in
1124 1349 1179 1387 or-

186 1430 289 1489 dinent
305 1426 468 1505 pristinum
478 1419 622 1482 restituit⁴
645 1424 900 1502 Quodpesterins
917 1435 1018 1486 tamen
1036 1429 1178 1488 meritum

187 1530 251 1620 eius
273 1526 414 1586 Editores
432 1525 618 1584 recentiores
638 1543 742 1583 omnes
765 1525 987 1584 oblitterarent.
1023 1517 1177 1589 libellum

186 1626 270 1688 enim
288 1623 454 1694 lectoribus
473 1620 598 1698 antiquo
619 1622 761 1699 squalore
782 1633 812 1684 et
832 1626 971 1684 sordibus
990 1627 1120 1686 obsitum
1146 1643 1177 1694 et

183 1727 339 1796 luxatum,
362 1735 451 1800 quem
465 1734 561 1799 opera
571 1719 717 1799 scutigeri
729 1724 928 1782 cmsesdumm
942 1721 1176 1808 restitutumque

182 1825 217 1886 in
231 1834 337 1884 munus
355 1823 475 1885 undere
485 1820 667 1881 maluerunt.
699 1823 790 1909 Quod
802 1825 976 1909 exemplum
991 1845 1029 1882 ue
1041 1825 1174 1904 posteri·
1253 1897 1259 1906 ·

182 1924 237 1985 teti
251 1923 448 2002 proderetur,
469 1920 554 1980 omni
574 1937 634 1997 qus
651 1923 738 1998 potui
754 1921 910 2002 diligentia
931 1924 1012 1997 caui,
1034 1943 1091 2001 quc
1107 1922 1176 2001 qui-

182 2024 255 2084 dem
265 2023 300 2082 iu
314 2038 408 2100 opera
419 2020 605 2100 aliquantum
622 2035 672 2081 nte
682 2021 800 2083 adiuuit
812 2032 982 2102 comptrsta
999 2025 1100 2084 versio
1116 2041 1174 2080 au.

180 2123 267 2202 tique
283 2119 430 2182 Guilelmi
449 2120 486 2180 de
507 2119 704 2197 Moerbeeka,
725 2145 816 2207 quem
835 2123 868 2184 in
886 2121 1115 2182 Commentariis
1134 2121 1173 2181 nd

179 2233 296 2287 ceteros
308 2219 560 2286 libros't'tromam
575 2223 744 2302 appellaui,
759 2223 877 2287 seilicet
890 2230 978 2282 antee
992 2245 1080 2302 quam
1096 2221 1173 2282 mibi

177 2321 356 2386 dehomiuis
368 2320 493 2407 nomine
504 2327 535 2378 et
545 2330 640 2383 aetate
653 2323 849 2388 constitisset·
870 2321 984 2384 Habuit
993 2323 1018 2382 is
1026 2321 1171 2383 Codicem

151 2470 153 2473 -
172 2435 246 2484 ante
261 2423 366 2482 oculos
382 2419 524 2480 similiter
544 2421 684 2483 luxatum
701 2433 732 2485 et
751 2427 944 2492 lacunosum,
971 2423 1047 2486 locis
1068 2429 1170 2486 temen

174 2525 293 2603 aliquot
306 2521 516 2598 integriorem,
542 2521 640 2599 etqui
655 2522 759 2579 nosin
779 2524 905 2599 vestigia
921 2541 1012 2580 verce
1029 2521 1168 2583 lectionis

173 2623 321 2683 inducere
339 2628 450 2698 posset.
488 2616 660 2696 Supersunt
678 2633 779 2677 tamen
793 2638 856 2679 non
869 2636 980 2695 pauca,
1003 2637 1079 2695 quae
1094 2618 1168 2679 feli-

174 2726 309 2789 cioribus
321 2715 453 2798 ingeniis
464 2716 517 2779 rel
530 2714 718 2777 emendanda
730 2713 782 2777 vel
792 2714 1017 2796 interpretanda
1026 2712 1166 2795 relinquo

176 2837 207 2887 et
229 2819 416 2886 commendo.
457 2818 637 2878 Versiouem
659 2813 804 2895 Scaligeri
825 2812 993 2877 innumeris
1008 2820 1040 2877 in
1056 2816 1167 2876 locist

173 2924 276 2984 verbis
300 2920 412 2997 graecis
437 2916 490 2978 vel
512 2915 732 2997 discrepantem
755 2916 806 2977 vel
830 2918 1015 2978 aberrantem
1043 2918 1164 2995 saepius

174 3023 265 3105 quam
284 3029 458 3098 optaueram
474 3026 591 3078 mutare
609 3028 726 3077 coactns
746 3015 790 3074 sui
798 3060 806 3088 ,
830 3020 865 3075 vt
878 3038 974 3095 paene
989 3032 1099 3079 nouam
1115 3018 1163 3077 faa

119 3145 121 3148 ·
172 3137 252 3185 ctam
273 3120 374 3178 dicere
391 3126 527 3197 possem,
547 3116 766 3177 vtimtm'tastto
788 3116 987 3178 uominc'non
1003 3120 1094 3198 plane
1109 3116 1160 3177 in*

171 3222 307 3305 dignam!
336 3216 476 3277 Ceterum
491 3229 645 3278 auctorem
660 3216 759 3277 libelli
779 3216 940 3277 Aristotele
956 3206 1158 3281 recentiorem

143 3380 148 3392 ,
170 3316 329 3405 ignouisse
342 3316 417 3377 mihi
433 3318 542 3378 videor
552 3314 768 3396 incipient.
784 3316 835 3385 rbi
851 3318 951 3381 locum
966 3320 1038 3379 libri
1050 3318 1157 3378 chev-

168 3420 329 3486 iteratione
350 3417 528 3477 animalium
545 3416 717 3498 exscripsit,
739 3416 799 3475 nisi
815 3427 945 3477 sumere
961 3419 1064 3493 malis,
1081 3408 1155 3473 this

167 3518 333 3601 losophnm
353 3516 526 3599 Stagiritem
541 3535 683 3579 runcum
701 3516 760 3577 lsoc
774 3521 924 3597 scriptore
936 3518 1035 3577 locum
1054 3524 1154 3573 trans-

167 3619 274 3682 tulisse
286 3638 325 3678 ex
342 3616 632 3698 mtiquiore²aliquo
649 3616 738 3677 libro.
774 3616 895 3677 Ssuein
912 3618 971 3677 boc
989 3615 1070 3674 libro
1083 3612 1154 3693 opis

169 3724 275 3782 itiones
288 3719 370 3779 baud
384 3703 498 3797 procus
514 3726 724 3798 exponuntur,
746 3736 822 3795 quse
835 3718 943 3777 rudem
959 3716 1081 3793 sepiunt
1096 3728 1152 3773 eru

169 3822 351 3898 tiquitatem,
379 3836 513 3897 quasque
533 3817 653 3876 mireris
670 3816 804 3897 potuisse
823 3816 961 3878 reuocari
977 3817 1013 3874 ab
1026 3815 1152 3878 homine

168 3917 332 3980 Aristotele
340 3915 526 3990 recondere,
549 3918 662 3997 quique
674 3917 737 3976 cius
752 3918 865 3997 scripta
874 3912 1048 3979 vcrssuertt
1087 3914 1156 3989 Sed⁴

169 4016 208 4077 da
220 4026 314 4078 aetate
323 4017 398 4079 libri
412 4018 557 4082 statuetis
569 4018 690 4079 demum
702 4026 800 4093 recte,
821 4016 1150 4100 quiomnemreians*
1193 4008 1195 4018 ’
