2959 5000
303 475 351 534 ar>
635 464 1017 542 ADNOTA'I'IONES¹

306 638 408 706 πόλος.
432 656 521 716 quem
544 637 647 696 laeum
666 636 757 698 facile
778 648 897 698 eratex
913 638 1021 716 priore
1043 643 1223 718 emendare,
1254 643 1308 704 vbi

305 744 501 821 vulgabatur:
525 745 579 799 arnt
597 733 634 798 ro*
650 735 816 813 n'oriymov,
838 732 958 818 ὅμιᾶς
974 739 1067 820 otyor
1078 750 1125 810 alc
1147 739 1186 804 tri
1201 743 1308 821 στόμα

306 843 481 926 λαβούσης,
502 837 591 900 ἁπαν
607 835 779 914 ἐφίσταται
804 831 842 898 το
863 838 1018 904 αἰπόλιον.
1089 842 1200 904 Suidae
1222 844 1308 905 enim

304 942 488 1022 η’ρνγγίτης,
511 939 605 1016 ἄρτοι·
624 961 643 1012 η
659 938 740 1002 εἶδος
752 935 902 1018 βοτάνης,
919 961 959 1000 εκ
979 945 1038 1002 hoe
1050 947 1103 1004 vel
1124 943 1221 1004 simili
1234 946 1305 1004 loco

303 1047 416 1107 vitioso
438 1052 554 1102 sumtus
587 1049 640 1098 est.
685 1036 810 1096 Scholia
836 1042 874 1098 ad
898 1039 1049 1102 Nicandri
1070 1044 1213 1106 Theriac.
1234 1046 1306 1106 645.

281 1189 284 1194 ·
304 1149 357 1208 vbi
375 1159 435 1204 est:
457 1143 488 1218 ἠὲ
505 1165 546 1214 ου
563 1140 712 1218 η’ρογγοιο
726 1173 767 1184 -
782 1138 877 1220 ῥίζαν
893 1139 1046 1218 taunaco,
1068 1153 1099 1202 et
1116 1143 1189 1205 Cod.
1206 1147 1306 1208 Goett

300 1243 454 1325 ήρυγιιοιο
477 1245 581 1313 babet,
603 1241 768 1300 Eutec‘nius
793 1242 869 1302 vero
895 1239 1047 1322 ἡουγγίου
1069 1244 1304 1323 interpretatur,

300 1347 344 1408 ita
360 1347 498 1406 tradunt:
522 1343 539 1404 ὁ
556 1343 587 1407 δὲ
601 1339 812 1416 Ἀριστοτέλης
824 1342 1049 1422 ὃιαλεγόμινοι
1061 1345 1195 1423 περὶτοῦ
1208 1343 1304 1423 ἠρυγ-

295 1455 365 1528 ’γοιι
382 1451 480 1524 φησὶ,
513 1449 588 1509 νίας
613 1441 725 1522 dysme
749 1442 851 1520 αἰγῶν
868 1441 1156 1526 διαπορευομένων,
1177 1451 1233 1504 καὶ
1245 1443 1307 1503 ‹ari-

300 1545 353 1614 rn'c
372 1550 482 1608 ἵστατο
499 1550 554 1603 unt
569 1548 600 1600 ol
616 1542 911 1608 ἐπακολουθοῦντες.
941 1546 993 1604 vbi
1015 1546 1123 1608 Codex
1145 1547 1301 1626 Goetting.

299 1647 391 1708 habet
412 1652 488 1707 νιάν
509 1639 624 1718 α’γέλης
645 1639 745 1717 αἰγῶν
763 1640 1033 1723 διαπορευομένης
1053 1647 1072 1706 0‘
1089 1642 1202 1720 αὐτος,
1225 1667 1303 1726 quae

298 1768 362 1808 non
385 1741 604 1808 sunrmeliora
627 1737 767 1815 vulgatis·
828 1740 965 1802 Eandem
996 1745 1122 1806 herbam
1145 1745 1300 1806 Nicander

297 1847 436 1910 'Iberiae
448 1844 516 1902 aso.
536 1837 805 1920 iipuyyoonomine
819 1845 1012 1917 memorauit,
1034 1868 1124 1924 quani
1136 1846 1190 1904 alii
1207 1845 1303 1926 ήρογ-

296 1969 356 2028 ypv
372 1945 462 2006 etiam
480 1951 597 2002 vocant.
643 1938 769 2018 Duplex
782 1939 875 2017 igitur
887 1941 1037 2015 narratio,
1060 1965 1099 2002 ex
1120 1966 1174 2004 ore
1196 1957 1303 2024 puato·

295 2069 364 2109 rum
380 2053 503 2122 accepta
528 2043 680 2121 primum,
710 2040 783 2098 inde
799 2051 847 2100 est
867 2054 953 2114 nata,
982 2043 1064 2120 quod
1087 2043 1140 2100 alii
1162 2046 1300 2125 ijpvyyor

295 2148 441 2216 herbam,
463 2143 588 2225 quidam
611 2161 759 2207 aruncum
780 2161 837 2200 seu
859 2142 970 2200 villum
989 2143 1085 2201 menti
1109 2143 1298 2220 iuterpreta-

294 2252 414 2312 bantur.
458 2244 623 2303 Salmasius
637 2242 735 2302 nostri
755 2242 859 2300 locum
885 2241 923 2300 de
943 2243 1040 2301 herba
1062 2242 1297 2320 intelligendum

295 2347 413 2408 censuit
427 2344 466 2403 de
484 2343 686 2421 Homonymia
704 2364 734 2421 p.
757 2360 807 2418 77.
826 2341 864 2399 G.
884 2361 953 2399 cum
980 2361 1040 2418 quo
1053 2341 1127 2400 facit
1140 2341 1297 2408 tuneck-

294 2467 386 2509 manu
401 2447 438 2505 ud
454 2444 647 2525 Antigonum,
667 2439 719 2522 qni
735 2441 839 2497 locum
856 2441 938 2498 huuc
950 2441 993 2498 ita
1008 2441 1206 2500 scribendum
1222 2463 1296 2502 cen·

293 2550 367 2610 suit:
391 2547 451 2611 τῶν
468 2544 492 2609 ὅ
501 2546 602 2627 αἰγῶν
611 2540 689 2606 ὅταν
695 2544 757 2621 μία
766 2564 813 2605 τις
826 2540 911 2625 λάβῃ
921 2538 958 2603 τό
970 2537 1072 2621 ἄκρον
1082 2543 1139 2604 τοῦ
1149 2543 1296 2626 ἠρύγγου.

293 2651 353 2711 sed
368 2650 395 2709 si
419 2649 519 2707 voluit
541 2648 593 2705 vir
620 2648 726 2705 doctus
754 2659 926 2718 exaequare
946 2644 1152 2701 narrationem
1174 2645 1295 2703 Aristo·

290 2748 411 2811 telicam
435 2746 700 2827 'l'heophrasteae,
726 2751 792 2801 tum
815 2743 900 2829 λαβῃ
918 2749 961 2808 εἰς
982 2741 1018 2805 τό
1037 2743 1141 2822 στόμα
1155 2744 1301 2806 scriben.'

290 2852 365 2913 duro
381 2848 493 2923 iberit3
513 2844 780 2925 praetereuntium
797 2842 984 2917 docendum,
1006 2866 1024 2902 a
1045 2846 1201 2923 prosaicae
1223 2865 1294 2904 ora·

290 2951 386 3011 tionis
401 2947 601 3025 scriptoribus
618 2943 756 3023 ἤρυγγον
766 2944 893 3006 horbam
906 2943 1002 3001 fuisse
1011 2928 1205 3025 appellatam,
1222 2965 1292 3005 cum

269 3080 272 3087 ·
290 3047 521 3126 Theophrastus
536 3055 567 3103 et
582 3044 772 3121 antiquiores
791 3041 943 3124 ἠρύγγιον
957 3056 1078 3103 vocent.
1108 3047 1201 3118 Quod
1215 3068 1291 3107 vero

291 3150 342 3225 ait⁷
368 3146 609 3208 emendationem
629 3143 807 3203 confirmari
827 3143 973 3223 Antigoni
996 3148 1188 3219 auctoritate,
1218 3168 1291 3226 pos-

290 3272 357 3313 sum
371 3246 464 3309 Plinii
485 3245 694 3317 auctoritatem
715 3264 779 3303 non
792 3244 942 3305 leuiorem
965 3268 1123 3325 opponere
1144 3250 1290 3325 Antigoni

289 3348 421 3419 nomini,
442 3346 494 3427 qui
509 3348 659 3426 vulgatam
673 3345 858 3423 ¹scripturam
873 3347 934 3405 suit
947 3348 1178 3427 interpretatae
1196 3346 1289 3418 Quod

290 3453 399 3515 attinet
415 3449 454 3509 ad
471 3448 614 3529 Antigoni
628 3442 765 3523 ὀροτίου,
788 3444 886 3523 possit
898 3444 1008 3525 aliquis
1022 3445 1168 3525 suspicari
1182 3447 1213 3505 id
1234 3468 1288 3505 or·

290 3562 355 3613 turn
376 3571 416 3611 en
442 3548 528 3611 veria
552 3548 704 3626 scriptura
723 3544 870 3626 ὀρυγκίου
893 3545 941 3603 vol
965 3542 1108 3625 o'puyuov.
1160 3547 1208 3607 Ex
1228 3549 1288 3607 hoe

290 3652 431 3712 deriuare
445 3649 518 3709 licet
535 3670 682 3707 munaum
693 3650 726 3708 in
746 3647 831 3725 spica
851 3645 933 3726 apud
953 3646 1121 3706 Varronem
1147 3646 1181 3706 R.
1203 3650 1237 3709 R.
1258 3627 1284 3725 i,

289 3755 339 3813 48.
363 3772 402 3813 ex
418 3771 477 3829 quo
493 3751 659 3811 Bocbartus
677 3749 796 3808 ilieroz.
811 3747 846 3806 Τ.
862 3747 895 3806 u.
916 3766 945 3825 p.
961 3748 1032 3825 59⁰·
1052 3750 1215 3809 emendare
1229 3770 1285 3807 vo.

288 3853 372 3913 lebat
389 3850 511 3909 Aeliani
524 3845 681 3929 ούραχούς
704 3848 732 3907 6.
748 3847 785 3907 Η.
808 3848 843 3907 A.
861 3848 910 3906 43.
932 3848 987 3907 sed
1011 3848 1067 3907 bos
1088 3849 1212 3928 quidem
1233 3871 1283 3909 re-

289 3951 367 4014 otiua
381 3950 569 4029 comparabis
586 3970 654 4007 oum
670 3948 819 4027 epithymi
833 3947 967 4013 flosculis
983 3949 1172 4029 capularem,
1207 3966 1283 4027 quoa

290 4050 484 4115 Dioscorides
501 4054 530 4128 4,
551 4070 617 4132 ¹79·
640 4045 798 4132 οὐραγούς
813 4058 912 4109 vocat
963 4050 1110 4131 Superest
1132 4050 1282 4108 dubitatio
