2959 5000
321 535 381 595 230
630 521 991 590 ADNOTATIONES

321 701 430 780 ἑτέραν
449 694 510 760 τῶν
528 695 707 779 ἔμπροσθεν
725 691 829 757 ποδῶν
853 692 929 774 πρός
950 691 992 754 soi
1014 689 1156 755 όπίσθια.
1192 693 1304 752 Contra

322 799 458 877 Scaliger
470 798 579 876 pedem
593 799 748 857 sinistrum
760 794 944 854 anteriorem
955 811 1024 852 oum
1037 795 1148 854 dextro
1156 792 1305 852 anteriore

321 899 514 958 intellexisse
535 897 665 957 ridetur.
709 895 768 954 Sed
792 894 992 972 ingrediendo
1014 897 1135 956 sinister
1158 892 1306 973 posterior

217 1049 222 1059 .
323 998 467 1058 dextrum
482 996 665 1056 anteriorem
679 993 834 1070 sequitur,¹
847 1002 877 1050 et
892 992 1072 1072 plerumque
1088 997 1197 1055 transit
1207 1002 1309 1073 poste-

322 1099 389 1158 rior
402 1095 563 1157 interioris
584 1091 750 1171 vestigium.
788 1091 866 1151 Vide
887 1109 959 1148 num
982 1091 1185 1172 Philosophus
1205 1103 1311 1172 poetes

322 1199 424 1257 locum
448 1198 482 1254 in
503 1196 604 1252 animo
628 1190 782 1264 habuerit,
811 1189 864 1250 rbi
879 1190 999 1250 Aiacem
1019 1191 1101 1250 lento
1119 1196 1214 1272 gradu
1228 1213 1315 1254 rece.

323 1298 444 1358 dentem
460 1317 477 1354 e
490 1315 591 1375 pugne
605 1291 704 1373 pingit
719 1301 750 1350 et
767 1309 835 1348 cum
852 1291 940 1348 leone
953 1301 1107 1369 comparat
1121 1294 1154 1352 ll
1170 1293 1226 1369 x1,
1240 1294 1313 1354 545.

323 1401 429 1477 τρέσσε
448 1395 479 1457 δὲ
494 1392 656 1468 παπτήνας
674 1387 722 1469 ἐφ’
738 1389 867 1470 όμίλου,
889 1393 969 1467 θηρὶ
984 1389 1104 1464 lemae,
1132 1395 1313 1472 ἐντροπαλι-

325 1493 470 1577 ζόμενος,
490 1493 596 1575 ὀλίγον
619 1491 693 1573 γόνυ
710 1487 822 1569 γυυνός
836 1487 981 1571 ἀμείβων.
994 1493 1048 1549 vbi
1064 1494 1193 1551 verbum
1210 1497 1313 1573 ἐντρο-

324 1593 532 1674 παλιζόμενος
555 1595 793 1672 interpretantur
814 1587 879 1648 κατ’
896 1586 1001 1666 ὀλίγον
1021 1596 1077 1650 καί
1092 1591 1227 1668 συνεχῶς
1248 1597 1314 1652 ἐπι-

325 1693 545 1777 στρεφόμενος.
588 1693 750 1753 Diuersum
767 1696 813 1745 est
828 1692 876 1748 lul
897 1691 1005 1754 σκιλος
1017 1688 1112 1751 πάλιν
1125 1693 1239 1769 χωρεῖν
1252 1689 1313 1751 Eu-

324 1795 435 1871 ripidis
457 1792 614 1852 Phoeniss.
632 1809 725 1850 versu
751 1790 837 1847 istro.
859 1793 907 1848 ἐπί
930 1789 1034 1852 rusios
1052 1784 1182 1867 ἀνάγειν
1198 1791 1316 1848 Aristo-

325 1891 435 1970 phanis
451 1892 563 1949 Auium
579 1909 672 1949 versu
688 1889 758 1948 383.
772 1887 940 1967 Hesychius
956 1893 1004 1947 int
1018 1889 1122 1957 σκαος
1134 1889 1316 1969 interpretu-

258 2031 261 2034 ·
325 1997 378 2048 tur
391 1987 487 2056 slsrci
503 1986 610 2050 όπίσα.
739 1983 748 2032 r'

370 2151 399 2192 2.
415 2126 532 2207 ἀφίησι
548 2127 657 2208 πάλιν]
674 2126 790 2188 Plinius
805 2146 828 2184 s.
850 2147 893 2207 19.
912 2129 945 2190 V
940 2129 1095 2190 ulnerutus
1111 2131 1316 2194 obseruatione

329 2233 407 2288 mira
420 2249 623 2310 percussorem
645 2232 730 2286 nouit
746 2237 775 2283 et
792 2231 825 2284 in
841 2231 1030 2308 quorsumlibet
1048 2233 1240 2292 multitudine
1260 2255 1317 2314 ap-

325 2331 414 2409 petit.
448 2329 527 2386 Eum
547 2346 633 2396 vero,
661 2330 715 2408 qui
733 2326 824 2383 telum
845 2327 963 2406 quidem
984 2335 1114 2400 miserit,
1140 2333 1196 2390 sed
1211 2344 1316 2392 tamen

330 2447 392 2485 non
409 2429 624 2494 vulneraverit,
647 2437 813 2507 correptum
827 2437 1017 2510 rotatumque
1032 2435 1154 2500 sternit,
1171 2451 1233 2490 non
1251 2435 1317 2503 uul-

249 2534 252 2541 '
331 2539 428 2587 nerat.
450 2526 595 2587 Aelianus
607 2526 635 2601 t,
645 2526 693 2603 39.
706 2549 760 2587 τον
774 2548 806 2606 ys
816 2521 881 2607 μήν
893 2528 1034 2611 βαλόντα
1049 2532 1119 2611 μὲν,
1134 2528 1171 2595 οὐ
1183 2532 1319 2613 τυχόντα

331 2624 380 2698 ii,
397 2625 436 2714 τῇ
450 2630 506 2714 lup
521 2623 720 2709 ἀμυνόμενος
733 2628 827 2711 φοβεῖ
839 2630 908 2708 μὲν,
926 2631 1011 2691 λυπεῖ
1022 2629 1053 2691 δὲ
1066 2627 1135 2693 οὐδὲ
1150 2626 1193 2695 ἰ’ν.

374 2778 434 2851 τοῖς
456 2781 560 2850 πόλεις
578 2783 739 2863 ἔρχονται]
762 2782 992 2865 Descripturus
1012 2786 1184 2847 sinceritate
1200 2789 1320 2852 ‹lubitu-

332 2884 449 2945 n‘onem
470 2884 565 2961 possit
587 2884 714 2950 iniicere
734 2883 855 2943 Aeliani
872 2886 955 2945 locus
974 2892 1005 2959 t,
1031 2888 1078 2945 st.
1099 2886 1155 2949 τοῦ
1170 2887 1271 2973 γήρως
1287 2892 1322 2956 li

334 2980 550 3063 ὑπαρχόμενσς
566 2984 616 3065 (sn
630 2980 879 3066 όπιρχομένουλ)
894 2992 949 3047 καί
966 2983 1067 3049 introi
1084 2984 1181 3050 αὔλια
1197 2986 1322 3073 ἔρχεται

336 3086 392 3143 καλ
406 3086 456 3141 ἐπὶ
470 3078 529 3147 τοὶς
541 3080 681 3165 καλύβας
695 3088 752 3143 ναί
767 3088 815 3145 inl
830 3085 886 3155 τοὶς
898 3084 1036 3162 οἰκήσεις
1053 3084 1111 3158 scic
1126 3090 1187 3153 τῶν
1202 3096 1323 3173 νομέων

337 3180 395 3249 τοὶς
408 3180 597 3261 όπάντρους,
619 3188 675 3244 καλ
696 3183 838 3251 εἰκότως·
853 3192 925 3256 ταῖς
937 3188 1000 3271 γαρ
1015 3188 1128 3272 ὀρείοις
1142 3190 1187 3252 ἔτι
1202 3192 1323 3272 θήραις

339 3280 525 3365 trecensu
534 3281 690 3352 άόόνατός
706 3288 868 3348 lassando
882 3288 1029 3367 suspicari
1038 3290 1148 3369 possis,
1164 3288 1322 3350 Aelianum

338 3404 398 3467 pro
419 3382 522 3451 πόλεις
548 3385 693 3463 scriptum
720 3386 828 3463 legisse
857 3388 1005 3455 ἐπαύλεις.
1051 3388 1192 3448 Albertus
1214 3388 1322 3449 etium:

341 3487 464 3570 quando
477 3496 635 3545 senescunt
654 3496 685 3542 et
699 3492 806 3547 venari
819 3508 879 3547 non
890 3498 1032 3568 possunt,
1055 3487 1205 3545 inuadunt
1223 3488 1322 3547 ίιοπιί-

343 3608 395 3647 nes
403 3630 414 3657 ,
431 3598 459 3645 st
472 3596 547 3645 tirno
567 3584 682 3644 vadunt
697 3586 743 3646 ad
759 3589 843 3646 uillas
861 3598 890 3646 et
910 3592 1034 3667 rapiunt
1046 3606 1155 3664 pueros
1162 3629 1172 3656 ,
1194 3607 1228 3645 eo
1244 3589 1328 3669 quod

343 3689 447 3747 dentes
463 3706 564 3746 soram
580 3689 644 3744 iarn
661 3698 735 3745 sunt
754 3686 909 3746 debilitati.
947 3686 1007 3745 Sed
1022 3686 1172 3765 volgatam
1189 3687 1326 3747 defendit

343 3785 430 3845 locus
444 3786 534 3845 Plinii
547 3805 568 3843 s.
582 3788 627 3843 18.
644 3788 748 3846 Vitam
761 3790 799 3845 iis
815 3788 936 3865 longam
946 3784 1032 3844 docet
1046 3800 1233 3867 argumento,
1246 3788 1329 3870 quod

344 3887 476 3966 plerique
493 3887 629 3945 dentibus
648 3885 758 3963 delicti
774 3889 967 3967 rsperiantur.
1006 3890 1148 3968 Polybius
1159 3890 1328 3951 Aemiliani

348 4006 446 4044 comes
467 3990 500 4044 in
521 3998 643 4045 senecta
659 3986 806 4045 hominem
827 3990 929 4066 appeti
948 3987 987 4046 ab
1002 3992 1041 4049 iis
1056 3988 1163 4069 refert,
1183 3992 1327 4071 quoniam

349 4087 393 4146 στί
400 4085 712 4168 persequendasferas
724 4106 784 4146 non
792 4101 942 4169 superant.
965 4086 1053 4150 Tunc
1066 4088 1195 4151 obsidere
1201 4088 1327 4172 Africae
