2959 5000
423 1027 426 1034 .
535 961 1086 1094 annorfflonns.

308 1203 389 1306 [An
423 1202 682 1283 LIBRUM
714 1143 943 1280 vuido
976 1165 1298 1278 DECIMUM

311 1335 728 1413 laisrornms
772 1337 854 1412 nn
890 1331 1296 1409 amularius

375 1469 747 1545 ursionrnn
792 1459 1234 1544 uu‘nanarun.

708 1737 915 1761 w

315 1875 519 2010 Quanquam
533 1932 571 1991 ab
585 1932 674 2004 initio
692 1932 909 1992 constitueram
921 1929 1048 1992 Librum
1062 1927 1161 2005 hunc,
1182 1949 1234 1990 seu
1247 1949 1303 2009 po-

314 2029 375 2088 tius
393 2029 479 2090 Libri
498 2029 725 2112 Fragmentum,
747 2032 785 2092 de
809 2031 905 2091 causis
925 2030 1093 2092 sterilitatis
1109 2039 1306 2098 tractantem,

316 2141 422 2210 vtpotc
434 2131 594 2190 manifesto
611 2134 748 2212 spurium
757 2175 765 2207 ,
788 2141 818 2191 et
833 2151 895 2190 non
911 2131 1010 2189 solum
1024 2151 1042 2188 a
1058 2129 1185 2200 consilio
1200 2128 1306 2188 Philo-

316 2229 407 2308 sophi
427 2229 577 2302 alienum,
604 2230 659 2288 sed
680 2231 770 2290 etiam
792 2233 830 2290 ab
846 2230 967 2308 ingenio
984 2229 1049 2290 eius
1064 2239 1152 2310 atque
1168 2227 1306 2288 oratione

316 2327 409 2408 plane
429 2326 658 2400 abhorrentem,
678 2351 697 2388 a
717 2326 860 2386 societate
878 2326 1029 2390 librorum
1046 2349 1189 2390 verorum
1206 2338 1236 2388 et
1252 2349 1306 2407 ge-

316 2426 482 2488 nuinorum
495 2425 665 2488 Aristotelis
684 2428 867 2500 excludere;
896 2428 930 2487 id
944 2431 1026 2507 quod
1042 2431 1156 2490 lecerat
1173 2436 1241 2486 anta
1256 2447 1307 2488 ms

319 2526 424 2588 Gallus
434 2527 555 2588 Canius:
579 2550 705 2608 eamque
716 2532 755 2589 ob
772 2549 890 2589 causam
904 2527 983 2588 nihil
995 2530 1087 2610 plane
1099 2529 1152 2589 vel
1162 2529 1308 2610 temporis

318 2627 371 2687 vel
390 2647 501 2706 operae
520 2628 624 2687 multis
643 2628 814 2708 Fragmenti
835 2627 951 2689 lacunis
964 2639 994 2688 et
1008 2628 1091 2689 vitiis
1105 2630 1156 2689 vel
1170 2629 1309 2709 interpo-

317 2726 417 2787 landis
430 2729 481 2787 vel
494 2726 687 2787 emendandis
701 2728 926 2809 impenderam,
946 2746 1013 2785 sero
1028 2736 1144 2803 tamen,
1165 2749 1234 2789 cum
1247 2728 1309 2787 iam

319 2825 394 2887 libri
408 2828 474 2886 veri
485 2845 589 2886 omnes
603 2847 715 2887 nouem
729 2828 811 2909 typis
827 2828 915 2889 nouis
932 2828 1035 2887 excusi
1051 2828 1147 2888 oculis
1162 2830 1310 2888 obuersa-

320 2935 436 3000 rentur,
458 2926 592 2985 animum
603 2926 697 2985 subiit
712 2926 869 3006 cogitatio,
889 2927 1001 2987 librum
1018 2928 1125 3005 istum,
1145 2930 1206 2988 iam
1223 2948 1240 2986 a
1256 2926 1311 2987 re'-

320 3022 486 3082 motissima
502 3026 675 3101 antiquitate
685 3026 719 3085 in
733 3026 907 3087 societatem
920 3038 950 3089 et
963 3030 1137 3089 comitatum
1153 3026 1311 3107 Stagirites

320 3122 372 3183 vel
393 3122 533 3182 allectinn
552 3125 602 3183 vel
621 3146 692 3184 casu
712 3135 764 3186 aut
786 3148 891 3193 errore
911 3129 1027 3205 datum,
1049 3150 1113 3189 non
1133 3130 1222 3192 facile
1237 3126 1311 3186 alibi

319 3220 422 3281 locum
440 3242 527 3281 suum
543 3222 741 3285 inuenturum
759 3246 837 3300 esse,
859 3228 911 3287 vbi
929 3228 1041 3289 rectius
1062 3232 1242 3303 consistere,
1264 3234 1312 3284 at·

321 3341 380 3403 qne
395 3326 434 3382 ab
448 3321 623 3383 hominrlrus
637 3324 731 3385 doctis
748 3326 993 3406 antiquitatisque
1009 3330 1136 3391 curiosis
1149 3324 1260 3405 inspici
1275 3344 1310 3382 ac

323 3422 447 3499 consuli
459 3423 561 3500 possit
604 3424 705 3501 ltaque
720 3435 834 3484 mutato
849 3428 978 3487 consilio
990 3450 1095 3509 passus
1109 3448 1175 3487 sum
1194 3444 1262 3484 eum
1278 3422 1312 3479 in

322 3524 446 3602 antiquo
457 3522 627 3583 Aristotelis
640 3524 794 3589 consortio
808 3546 945 3601 manere,
966 3529 1007 3587 ita
1024 3540 1134 3599 tamen,
1145 3534 1178 3585 vt
1191 3532 1312 3603 postre-

321 3642 403 3682 mum
419 3622 520 3681 locum
532 3633 700 3703 occuparet.
737 3626 764 3685 T
765 3644 865 3685 emere
882 3626 963 3690 enim
978 3626 1111 3707 Scaliger
1125 3634 1264 3683 octauum
1282 3620 1312 3679 ei

322 3719 478 3781 vindicare
499 3731 624 3780 conatus
647 3731 700 3781 est
739 3724 766 3783 ls
788 3724 903 3785 scilicet
923 3736 993 3803 post
1018 3728 1143 3786 emerita
1162 3720 1314 3802 stipendia

320 3818 464 3878 militaria
476 3821 647 3880 studiorum
664 3820 841 3884 tirocinium
855 3826 888 3885 in
902 3826 961 3885 hoc
973 3824 1054 3883 libro
1071 3822 1252 3905 explicando
1267 3830 1313 3879 at-

321 3934 379 3993 que
406 3913 636 3996 interpretando
663 3932 824 4001 posuerat,
852 3925 933 3986 vnde
955 3925 1096 4002 equidem
1122 3942 1185 3983 non
1206 3924 1313 3990 miror,

321 4011 456 4075 animum
470 4016 531 4075 viri
545 4018 671 4100 egregii,
693 4023 882 4103 praeiudicio
900 4024 1002 4087 nescio
1016 4046 1077 4107 quo
1091 4023 1213 4103 aetatis,
1235 4044 1314 4083 non-
