2959 5000
387 570 391 583 ·
465 550 529 611 Al)
572 548 703 612 LIBRI
745 547 797 623 Vl,
845 552 891 610 ιδ.
1095 557 1165 617 655

165 716 228 781 seir
249 737 278 777 n.
292 726 507 795 perceperunt.
549 718 639 791 Quod
660 717 712 776 isti
730 717 876 776 vertendo
892 718 1042 795 iecerunt,
1063 722 1095 781 id
1113 744 1160 783 es-

165 825 210 875 set
223 812 598 894 ςηθοαᾰναπηνίζονται
614 826 660 886 εἰς
674 815 730 880 τόν
744 814 901 897 κάλαμον.
921 814 1017 875 Error
1028 820 1161 881 maxime

162 915 236 973 inde
246 925 347 990 eruis,
370 916 453 994 quod
465 919 558 978 rerba
575 917 734 999 superiora
750 913 889 977 τίκτουσι
901 948 943 973 -.-
956 913 1032 995 uode
1047 913 1087 976 rei
1102 941 1160 979 κα-

163 1014 292 1093 λαμώδη
313 1016 393 1077 mele
412 1028 483 1077 sunt
501 1010 710 1097 interpretati,
734 1018 814 1077 Geso
839 1014 964 1093 quidem
986 1019 1021 1074 s's
1040 1022 1160 1097 stagnis

153 1114 327 1190 fluidorum
340 1127 371 1176 et
387 1118 584 1191 arundinetis,
607 1120 743 1198 Scaliger
761 1120 797 1175 in
811 1117 1028 1196 stagnantibus
1038 1120 1160 1195 fluuio-

161 1234 228 1271 rum
247 1218 337 1293 aquis
358 1216 540 1298 laeuumque
558 1220 766 1292 arundinetis,
809 1217 918 1277 camus
946 1237 990 1276 cu
1013 1217 1090 1276 bord
1096 1217 1160 1277 'des

159 1314 281 1381 rivieres
291 1324 321 1372 et
336 1316 387 1377 des
403 1322 510 1395 dtangs
528 1330 610 1380 entre
623 1322 666 1379 les
680 1337 824 1379 roseuue.¹
839 1311 919 1396 uode
932 1314 975 1377 roi
984 1314 1158 1396 uatoepdtn

157 1413 316 1500 significet,
332 1430 391 1477 one
406 1415 587 1497 agglutinari
600 1418 686 1476 omui
699 1419 807 1497 generi
818 1416 1005 1475 calamorum
1019 1426 1051 1473 et
1062 1436 1157 1475 ernn-

159 1512 284 1587 dinnm,
305 1514 339 1574 in
352 1516 558 1595 stagnantibus
572 1516 657 1594 equis
673 1516 884 1577 crescentium.
919 1514 959 1573 Et
977 1534 1051 1573 sune
1067 1515 1156 1575 vide-

157 1634 226 1675 mus
244 1634 303 1673 oue
318 1616 448 1695 piscium
465 1634 614 1691 nusquam
630 1615 753 1677 fluitare
766 1616 876 1685 libers,
899 1617 954 1675 sed
969 1634 1091 1693 semper
1104 1635 1156 1693 ag-

157 1712 306 1794 glutinata
328 1714 434 1775 herbis
456 1724 486 1771 et
511 1714 620 1791 plantis
644 1714 790 1791 aquaticis
811 1715 948 1773 haerere.
990 1716 1155 1774 Persarum

154 1814 248 1893 igitur
266 1828 326 1874 one
340 1814 473 1873 inuicem
497 1832 638 1872 connexa
652 1824 683 1872 et
699 1814 815 1873 circum
832 1816 998 1875 arundines
1016 1812 1153 1893 deposita

155 1912 323 1993 ‘piscatores
338 1914 372 1972 in
389 1912 524 1993 glomum
541 1913 690 1995 colligunt
705 1914 847 1974 detractu.

238 2012 354 2073 Ibidem
380 2022 451 2073 sect
476 2012 506 2071 6.
531 2010 610 2095 uode
635 2014 701 2079 τοῖς
726 2010 886 2092 αἰγιαλοῖς
913 2018 947 2077 ἐν
972 2011 1151 2094 impetuose·

155 2112 236 2172 Gaze
258 2111 366 2172 vertit:
397 2120 426 2173 s's
444 2114 550 2171 littora
563 2118 644 2193 petit
664 2115 887 2193 tranquilliora.
927 2112 1080 2191 Scaliger-t
1109 2112 1154 2174 nd

152 2212 259 2272 littora
275 2216 372 2271 ventis
386 2233 505 2273 auerso.
526 2213 587 2272 nisi
601 2212 731 2273 moereo
745 2213 874 2292 scripsit
916 2210 995 2271 Nem
1011 2212 1038 2268 is
1049 2233 1149 2270 enno-

149 2312 230 2372 tsuit
248 2312 339 2372 brec:
360 2312 428 2373 Aut
438 2312 490 2371 bic
503 2312 643 2372 mendum
659 2311 854 2392 mamfietum
864 2322 911 2371 set
918 2356 926 2384 ‚
949 2322 1006 2369 out
1018 2312 1150 2391 psyllons'

149 2423 263 2474 notum
283 2414 348 2472 clio
369 2432 390 2470 α
414 2398 630 2512 superioribus,
659 2424 706 2482 ot,
742 2412 992 2492 quemadmodum
1011 2413 1056 2470 illi
1080 2414 1150 2471 Ioco

148 2516 317 2594 tranquilla
328 2523 358 2570 st
374 2514 495 2571 nsinime
509 2518 607 2574 ventis
627 2514 758 2574 obnoxiu
772 2524 941 2592 quoerant,
964 2516 1011 2570 ita
1023 2512 1059 2570 lu·
1076 2532 1149 2570 vers-

150 2623 250 2705 torum
267 2610 401 2689 flatibus
426 2619 457 2669 et
486 2622 663 2691 tempestate
686 2611 880 2670 delectentur
922 2609 1047 2668 Scilicet
1065 2610 1148 2669 idem

148 2731 242 2792 supro
257 2707 375 2770 librili.
392 2723 417 2765 c.
437 2727 462 2769 1.
479 2705 578 2767 seinos
594 2706 775 2786 ύπηνέμους
790 2711 924 2771 ποιεῖται
938 2730 996 2773 τας
1012 2708 1148 2770 reorteri-

153 2833 220 2877 σεις
235 2815 372 2870 verterat
386 2819 475 2868 vento
492 2809 641 2886 expositos
662 2809 751 2868 nidos
771 2817 959 2866 construunt
980 2805 1061 2864 Gaza
1073 2808 1147 2868 item

149 2931 238 2970 suum
251 2910 355 2970 nidum
369 2917 473 2987 potere
488 2927 583 2966 curce
596 2911 732 2987 cupiunt.
769 2905 880 2966 camus
898 2917 953 2967 ont
964 2897 1029 2965 leur
1041 2907 1097 2966 nid
1107 2927 1146 2968 eu

147 3011 295 3090 pleinus'r.
311 3007 370 3068 hoc
383 3023 459 3066 vero
473 3004 507 3062 iu
521 3007 606 3064 loco:
628 3007 707 3066 dans
719 3008 763 3067 les
776 3007 909 3066 end-cite
925 3011 980 3088 qui
990 3017 1060 3064 sont
1070 3027 1142 3065 sous

148 3115 177 3172 le
191 3115 271 3166 unt.
312 3101 486 3164 Discrimen
502 3103 583 3166 inter
599 3102 794 3188 προσῄνεμος
809 3116 840 3166 ot
855 3104 1012 3188 ὑπήνεμος
1028 3105 1144 3185 optimc

148 3203 240 3266 docet
253 3201 466 3282 Xenophontis
482 3204 568 3263 loeus
580 3203 780 3266 Oeconomici
795 3227 832 3287 9,
851 3208 903 3280 18,
918 3206 949 3264 6.
962 3218 995 3265 et
1009 3227 1039 3285 7.
1065 3207 1147 3268 lllud

145 3303 294 3385 significet
306 3315 395 3365 oense
408 3301 567 3363 oduerm
572 3350 583 3379 ,
605 3305 666 3365 boc
680 3324 829 3367 auersum.

225 3403 359 3464 Ibidem:
382 3400 544 3466 ὠθοῦνται
569 3403 646 3484 uode
659 3401 703 3467 td
720 3407 860 3488 βραχέα,
881 3405 927 3463 od
944 3402 1024 3463 vado
1044 3403 1137 3482 eppe!

143 3519 212 3579 lunt
225 3527 289 3568 sess
298 3505 431 3584 Scaliger
437 3504 539 3580 vertit,
551 3504 711 3564 intrudunt
725 3525 789 3562 sese
805 3504 893 3562 Geso.
915 3503 1014 3561 Nimis
1026 3502 1140 3564 lenius·

143 3609 271 3667 Comus:
287 3601 444 3692 proferent
462 3605 503 3664 les
528 3606 608 3665 lictor
630 3605 667 3666 ori
680 3607 708 3664 s'l
715 3626 738 3686 y
751 3625 772 3662 c
780 3622 842 3684 peu
856 3601 961 3660 d'eou.
1002 3601 1050 3659 td
1066 3601 1142 3660 hoec

142 3712 185 3771 iu
196 3703 354 3767 annotabit
366 3706 517 3785 Scaliger:
546 3705 718 3766 Theodorus
729 3703 824 3775 rods,
844 3704 1017 3761 rectissime.
1031 3698 1139 3758 breuia

140 3810 250 3887 prisci:
273 3825 335 3864 uon
349 3803 437 3884 παρά
447 3801 485 3866 τό
496 3805 678 3888 βραχεσθαι
684 3847 695 3876 ,
710 3823 730 3862 c
734 3799 862 3880 fremitu
869 3842 880 3870 ,
894 3811 928 3858 ot
940 3799 1133 3860 columnian-
1204 3886 1209 3892 ,

144 3915 195 3964 tur
210 3919 321 3966 veteres
338 3909 469 3966 Lotinos
476 3947 487 3976 ,
508 3899 723 3984 (Grcmmstici
733 3902 762 3982 l)
779 3902 835 3962 sed
846 3905 920 3982 quio
940 3918 1003 3956 nou
1017 3909 1061 3956 est
1070 3903 1134 3979 ῥα·
1231 3899 1236 3910 ’

141 4000 198 4066 dd.
240 4007 281 4065 Es
300 4027 321 4064 a
336 4005 483 4066 breuitate
496 4003 653 4084 funiculi,
675 4006 795 4061 nautici
809 3999 1014 4083 profundum
1027 3999 1135 4077 septo,-

140 4113 223 4162 mut
267 4106 375 4184 ltaque
388 4123 488 4185 supra,
506 4099 575 4168 cum
587 4103 623 4162 de
634 4103 752 4182 glons'is
768 4099 933 4160 maioribus
946 4098 1068 4173 diceet,
1091 4115 1142 4155 eos

182 4203 303 4262 Annon.
320 4203 357 4262 ll.
719 4199 773 4259 Ec
