<?xml version="1.0" encoding="UTF-8"?>
<!DOCTYPE html PUBLIC "-//W3C//DTD XHTML 1.0 Transitional//EN"
    "http://www.w3.org/TR/xhtml1/DTD/xhtml1-transitional.dtd">
<html xmlns="http://www.w3.org/1999/xhtml" xml:lang="en" lang="en">
 <head>
  <title>
</title>
<meta http-equiv="Content-Type" content="text/html;charset=utf-8" />
  <meta name='ocr-system' content='tesseract 3.04.00' />
  <meta name='ocr-capabilities' content='ocr_page ocr_carea ocr_par ocr_line ocrx_word'/>
</head>
<body>
  <div class='ocr_page' id='page_1' title='image "aristotelisdean00unkngoog_0106.png"; bbox 0 0 2959 5000; ppageno 0'>
   <div class='ocr_carea' id='block_1_1' title="bbox 302 492 993 592">
    <p class='ocr_par' dir='ltr' id='par_1_1' title="bbox 302 492 993 592">
     <span class='ocr_line' id='line_1_1' title="bbox 302 492 993 592; baseline -0.006 -30"><span class='ocrx_word' id='word_1_1' title='bbox 302 501 390 592; x_wconf 68' lang='lat'><strong>9³·</strong></span> <span class='ocrx_word' id='word_1_2' title='bbox 614 492 993 578; x_wconf 71' lang='lat' dir='ltr'><strong>eouosnssonss</strong></span> 
     </span>
    </p>
   </div>
   <div class='ocr_carea' id='block_1_2' title="bbox 303 653 1304 1340">
    <p class='ocr_par' dir='ltr' id='par_1_2' title="bbox 303 653 1304 1340">
     <span class='ocr_line' id='line_1_2' title="bbox 303 653 1296 747; baseline -0.005 -15"><span class='ocrx_word' id='word_1_3' title='bbox 303 677 383 736; x_wconf 81' lang='lat' dir='ltr'><strong>ene&#39;m</strong></span> <span class='ocrx_word' id='word_1_4' title='bbox 400 671 469 730; x_wconf 69' lang='lat' dir='ltr'><strong>aaa</strong></span> <span class='ocrx_word' id='word_1_5' title='bbox 482 653 654 747; x_wconf 48' lang='lat' dir='ltr'><strong>sagacitate</strong></span> <span class='ocrx_word' id='word_1_6' title='bbox 669 675 797 724; x_wconf 82' lang='lat' dir='ltr'><strong>naturae</strong></span> <span class='ocrx_word' id='word_1_7' title='bbox 812 687 922 726; x_wconf 86' lang='lat' dir='ltr'><strong>memor</strong></span> <span class='ocrx_word' id='word_1_8' title='bbox 937 675 982 725; x_wconf 85' lang='lat' dir='ltr'><strong>eet</strong></span> <span class='ocrx_word' id='word_1_9' title='bbox 1000 667 1151 726; x_wconf 85' lang='lat' dir='ltr'><strong>maloram.</strong></span> <span class='ocrx_word' id='word_1_10' title='bbox 1188 670 1296 729; x_wconf 81' lang='lat' dir='ltr'><strong>Ouaut</strong></span> 
     </span>
     <span class='ocr_line' id='line_1_3' title="bbox 308 753 1298 837; baseline -0.007 -4"><span class='ocrx_word' id='word_1_11' title='bbox 308 783 409 833; x_wconf 86' lang='lat' dir='ltr'><strong>autem</strong></span> <span class='ocrx_word' id='word_1_12' title='bbox 430 769 489 827; x_wconf 84' lang='lat' dir='ltr'><strong>duo</strong></span> <span class='ocrx_word' id='word_1_13' title='bbox 508 787 583 837; x_wconf 84' lang='lat' dir='ltr'><strong>aaa,</strong></span> <span class='ocrx_word' id='word_1_14' title='bbox 618 753 751 824; x_wconf 77' lang='lat' dir='ltr'><strong>olentia</strong></span> <span class='ocrx_word' id='word_1_15' title='bbox 772 763 1015 825; x_wconf 72' lang='lat' dir='ltr'><strong>antecedentibus</strong></span> <span class='ocrx_word' id='word_1_16' title='bbox 1034 763 1172 827; x_wconf 76' lang='lat' dir='ltr'><strong>diximus.</strong></span> <span class='ocrx_word' id='word_1_17' title='bbox 1204 767 1298 828; x_wconf 82' lang='lat' dir='ltr'><strong>Vides</strong></span> 
     </span>
     <span class='ocr_line' id='line_1_4' title="bbox 310 861 1301 946; baseline -0.006 -13"><span class='ocrx_word' id='word_1_18' title='bbox 310 873 399 935; x_wconf 86' lang='lat' dir='ltr'><strong>etiam</strong></span> <span class='ocrx_word' id='word_1_19' title='bbox 418 869 540 929; x_wconf 86' lang='lat' dir='ltr'><strong>Scotum</strong></span> <span class='ocrx_word' id='word_1_20' title='bbox 562 880 618 946; x_wconf 78' lang='lat' dir='ltr'><strong>pro</strong></span> <span class='ocrx_word' id='word_1_21' title='bbox 633 863 755 940; x_wconf 66' lang='lat' dir='ltr'><strong>vulgato</strong></span> <span class='ocrx_word' id='word_1_22' title='bbox 775 861 963 945; x_wconf 74' lang='grc' dir='ltr'><em>ὑπομένουσι</em></span> <span class='ocrx_word' id='word_1_23' title='bbox 984 864 1048 946; x_wconf 68' lang='grc' dir='ltr'><strong>γάρ</strong></span> <span class='ocrx_word' id='word_1_24' title='bbox 1071 865 1155 924; x_wconf 83' lang='lat' dir='ltr'><strong>aliud</strong></span> <span class='ocrx_word' id='word_1_25' title='bbox 1171 869 1301 929; x_wconf 82' lang='lat' dir='ltr'><strong>verbum</strong></span> 
     </span>
     <span class='ocr_line' id='line_1_5' title="bbox 310 957 1302 1050; baseline -0.008 -18"><span class='ocrx_word' id='word_1_26' title='bbox 310 972 456 1050; x_wconf 85' lang='lat' dir='ltr'><strong>scriptum</strong></span> <span class='ocrx_word' id='word_1_27' title='bbox 467 965 592 1046; x_wconf 76' lang='lat' dir='ltr'><strong>legisse,</strong></span> <span class='ocrx_word' id='word_1_28' title='bbox 611 961 707 1024; x_wconf 85' lang='lat' dir='ltr'><strong>veluti</strong></span> <span class='ocrx_word' id='word_1_29' title='bbox 721 957 931 1043; x_wconf 74' lang='grc' dir='ltr'><em>άπομηνίουσι</em></span> <span class='ocrx_word' id='word_1_30' title='bbox 938 963 990 1023; x_wconf 83' lang='lat' dir='ltr'><strong>vel</strong></span> <span class='ocrx_word' id='word_1_31' title='bbox 1006 963 1302 1046; x_wconf 74' lang='lat' dir='ltr'><strong>oiaopmaeuaxoirae</strong></span> 
     </span>
     <span class='ocr_line' id='line_1_6' title="bbox 312 1055 1302 1156; baseline -0.007 -27"><span class='ocrx_word' id='word_1_32' title='bbox 312 1071 392 1156; x_wconf 69' lang='lat' dir='ltr'><strong>peip,</strong></span> <span class='ocrx_word' id='word_1_33' title='bbox 415 1068 465 1128; x_wconf 82' lang='lat' dir='ltr'><strong>vel</strong></span> <span class='ocrx_word' id='word_1_34' title='bbox 477 1055 770 1145; x_wconf 70' lang='grc' dir='ltr'>ᾶπομνημονεύουσι</span> <span class='ocrx_word' id='word_1_35' title='bbox 783 1062 836 1120; x_wconf 82' lang='lat' dir='ltr'><strong>vel</strong></span> <span class='ocrx_word' id='word_1_36' title='bbox 850 1058 1146 1141; x_wconf 73' lang='grc' dir='ltr'><strong><em>ᾰπομιμνὴσκονται</em></strong></span> <span class='ocrx_word' id='word_1_37' title='bbox 1161 1065 1231 1147; x_wconf 70' lang='grc' dir='ltr'><strong>γάρ.</strong></span> <span class='ocrx_word' id='word_1_38' title='bbox 1267 1063 1302 1124; x_wconf 80' lang='lat' dir='ltr'><strong>Si</strong></span> 
     </span>
     <span class='ocr_line' id='line_1_7' title="bbox 314 1156 1304 1244; baseline -0.008 -12"><span class='ocrx_word' id='word_1_39' title='bbox 314 1174 442 1233; x_wconf 82' lang='lat' dir='ltr'><strong>verbum</strong></span> <span class='ocrx_word' id='word_1_40' title='bbox 462 1181 601 1243; x_wconf 85' lang='lat' dir='ltr'><strong>graecum</strong></span> <span class='ocrx_word' id='word_1_41' title='bbox 613 1156 830 1244; x_wconf 67' lang='grc' dir='ltr'><strong>Ιύπομηνιίηνσι</strong></span> <span class='ocrx_word' id='word_1_42' title='bbox 851 1169 1015 1237; x_wconf 80' lang='lat' dir='ltr'><strong>constaret,</strong></span> <span class='ocrx_word' id='word_1_43' title='bbox 1036 1159 1095 1219; x_wconf 87' lang='lat' dir='ltr'><strong>hoc</strong></span> <span class='ocrx_word' id='word_1_44' title='bbox 1116 1163 1211 1225; x_wconf 81' lang='lat' dir='ltr'><strong>inisse</strong></span> <span class='ocrx_word' id='word_1_45' title='bbox 1228 1164 1304 1224; x_wconf 87' lang='lat' dir='ltr'><strong>alim</strong></span> 
     </span>
     <span class='ocr_line' id='line_1_8' title="bbox 315 1259 966 1340; baseline -0.018 -10"><span class='ocrx_word' id='word_1_46' title='bbox 315 1271 348 1331; x_wconf 90' lang='lat' dir='ltr'><strong>in</strong></span> <span class='ocrx_word' id='word_1_47' title='bbox 362 1271 430 1329; x_wconf 91' lang='lat' dir='ltr'><strong>loco</strong></span> <span class='ocrx_word' id='word_1_48' title='bbox 441 1259 556 1340; x_wconf 83' lang='lat' dir='ltr'><strong>vulgati</strong></span> <span class='ocrx_word' id='word_1_49' title='bbox 571 1259 764 1340; x_wconf 77' lang='grc' dir='ltr'>ὑπομένουσι</span> <span class='ocrx_word' id='word_1_50' title='bbox 777 1259 966 1319; x_wconf 84' lang='lat' dir='ltr'><strong>coniicerem.</strong></span> 
     </span>
    </p>
   </div>
   <div class='ocr_carea' id='block_1_3' title="bbox 525 1440 1101 1524">
    <p class='ocr_par' dir='ltr' id='par_1_3' title="bbox 525 1440 1101 1524">
     <span class='ocr_line' id='line_1_9' title="bbox 525 1440 1101 1524; baseline -0.007 -20"><span class='ocrx_word' id='word_1_51' title='bbox 525 1445 703 1508; x_wconf 71' lang='lat' dir='ltr'><strong>ossus</strong></span> <span class='ocrx_word' id='word_1_52' title='bbox 747 1442 825 1503; x_wconf 66' lang='lat' dir='ltr'><strong>uu</strong></span> <span class='ocrx_word' id='word_1_53' title='bbox 865 1440 970 1524; x_wconf 54' lang='lat' dir='ltr'><strong>nup</strong></span> <span class='ocrx_word' id='word_1_54' title='bbox 1011 1441 1101 1522; x_wconf 76' lang='lat' dir='ltr'><strong>un)</strong></span> 
     </span>
    </p>
   </div>
   <div class='ocr_carea' id='block_1_4' title="bbox 313 1553 1314 4118">
    <p class='ocr_par' dir='ltr' id='par_1_4' title="bbox 313 1553 1314 4118">
     <span class='ocr_line' id='line_1_10' title="bbox 333 1553 1306 1643; baseline -0.014 -16"><span class='ocrx_word' id='word_1_55' title='bbox 333 1567 339 1578; x_wconf 88' lang='lat'>&#39;</span> <span class='ocrx_word' id='word_1_56' title='bbox 357 1561 457 1643; x_wconf 65' lang='lat' dir='ltr'><strong>atleta]</strong></span> <span class='ocrx_word' id='word_1_57' title='bbox 478 1561 586 1622; x_wconf 80' lang='lat' dir='ltr'><strong>versio</strong></span> <span class='ocrx_word' id='word_1_58' title='bbox 600 1559 734 1622; x_wconf 84' lang='lat' dir='ltr'><strong>Thomse</strong></span> <span class='ocrx_word' id='word_1_59' title='bbox 748 1557 844 1621; x_wconf 74' lang='grc' dir='ltr'><strong><em>κίσσα</em></strong></span> <span class='ocrx_word' id='word_1_60' title='bbox 855 1557 1001 1633; x_wconf 82' lang='lat' dir='ltr'><strong>reddidit,</strong></span> <span class='ocrx_word' id='word_1_61' title='bbox 1017 1574 1186 1635; x_wconf 80' lang='lat' dir='ltr'><strong>quanquam</strong></span> <span class='ocrx_word' id='word_1_62' title='bbox 1195 1553 1306 1614; x_wconf 79' lang='lat' dir='ltr'><strong>Cemut</strong></span> 
     </span>
     <span class='ocr_line' id='line_1_11' title="bbox 316 1653 1305 1732; baseline -0.011 -6"><span class='ocrx_word' id='word_1_63' title='bbox 316 1669 349 1726; x_wconf 87' lang='lat' dir='ltr'><strong>ln</strong></span> <span class='ocrx_word' id='word_1_64' title='bbox 363 1663 630 1726; x_wconf 87' lang='lat' dir='ltr'><strong>Indicenominum</strong></span> <span class='ocrx_word' id='word_1_65' title='bbox 643 1681 682 1721; x_wconf 86' lang='lat' dir='ltr'><strong>ex</strong></span> <span class='ocrx_word' id='word_1_66' title='bbox 691 1679 727 1719; x_wconf 84' lang='lat' dir='ltr'><strong>eo</strong></span> <span class='ocrx_word' id='word_1_67' title='bbox 742 1661 819 1717; x_wconf 76' lang='lat' dir='ltr'><strong>Pica</strong></span> <span class='ocrx_word' id='word_1_68' title='bbox 835 1665 865 1716; x_wconf 91' lang='lat' dir='ltr'><strong>et</strong></span> <span class='ocrx_word' id='word_1_69' title='bbox 874 1659 967 1718; x_wconf 80' lang='lat' dir='ltr'><strong>Kitta</strong></span> <span class='ocrx_word' id='word_1_70' title='bbox 980 1655 1145 1716; x_wconf 81' lang='lat' dir='ltr'><strong>annotauit.</strong></span> <span class='ocrx_word' id='word_1_71' title='bbox 1166 1653 1305 1732; x_wconf 83' lang='lat' dir='ltr'><strong>Sequens</strong></span> 
     </span>
     <span class='ocr_line' id='line_1_12' title="bbox 317 1755 1307 1846; baseline -0.018 -17"><span class='ocrx_word' id='word_1_72' title='bbox 317 1767 387 1846; x_wconf 79' lang='grc' dir='ltr'><strong><em>περὶ</em></strong></span> <span class='ocrx_word' id='word_1_73' title='bbox 405 1767 494 1825; x_wconf 71' lang='grc' dir='ltr'><em>ἐννέα</em></span> <span class='ocrx_word' id='word_1_74' title='bbox 514 1760 562 1820; x_wconf 78' lang='grc' dir='ltr'><strong>ὠά</strong></span> <span class='ocrx_word' id='word_1_75' title='bbox 584 1759 738 1818; x_wconf 76' lang='lat' dir='ltr'><strong>transtulit</strong></span> <span class='ocrx_word' id='word_1_76' title='bbox 760 1755 877 1814; x_wconf 75' lang='lat' dir='ltr'>Plinius</span> <span class='ocrx_word' id='word_1_77' title='bbox 903 1773 950 1815; x_wconf 87' lang='grc' dir='ltr'><strong>ιο.</strong></span> <span class='ocrx_word' id='word_1_78' title='bbox 969 1776 993 1816; x_wconf 91' lang='lat' dir='ltr'><strong>s.</strong></span> <span class='ocrx_word' id='word_1_79' title='bbox 1012 1773 1061 1835; x_wconf 78' lang='lat'><strong>79.</strong></span> <span class='ocrx_word' id='word_1_80' title='bbox 1076 1758 1155 1816; x_wconf 75' lang='lat' dir='ltr'><strong>Pisa</strong></span> <span class='ocrx_word' id='word_1_81' title='bbox 1175 1772 1307 1811; x_wconf 66' lang='lat' dir='ltr'><strong>nouercae</strong></span> 
     </span>
     <span class='ocr_line' id='line_1_13' title="bbox 313 1853 1306 1946; baseline -0.013 -24"><span class='ocrx_word' id='word_1_82' title='bbox 313 1867 407 1946; x_wconf 83' lang='lat' dir='ltr'><strong>parit.</strong></span> <span class='ocrx_word' id='word_1_83' title='bbox 444 1859 526 1917; x_wconf 88' lang='lat' dir='ltr'><strong>Idem</strong></span> <span class='ocrx_word' id='word_1_84' title='bbox 541 1879 563 1916; x_wconf 89' lang='lat' dir='ltr'><strong>s.</strong></span> <span class='ocrx_word' id='word_1_85' title='bbox 580 1857 627 1915; x_wconf 83' lang='lat'><strong>50.</strong></span> <span class='ocrx_word' id='word_1_86' title='bbox 645 1859 740 1916; x_wconf 84' lang='lat' dir='ltr'><strong>Pione</strong></span> <span class='ocrx_word' id='word_1_87' title='bbox 755 1875 823 1914; x_wconf 67' lang='lat' dir='ltr'><strong>auen</strong></span> <span class='ocrx_word' id='word_1_88' title='bbox 837 1855 1014 1932; x_wconf 77' lang='lat' dir='ltr'><strong>diligentiae</strong></span> <span class='ocrx_word' id='word_1_89' title='bbox 1027 1860 1124 1914; x_wconf 75' lang='lat' dir='ltr'><strong>oteam</strong></span> <span class='ocrx_word' id='word_1_90' title='bbox 1135 1853 1174 1911; x_wconf 81' lang='lat' dir='ltr'><strong>oh</strong></span> <span class='ocrx_word' id='word_1_91' title='bbox 1186 1853 1306 1911; x_wconf 77' lang='lat' dir='ltr'><strong>homins</strong></span> 
     </span>
     <span class='ocr_line' id='line_1_14' title="bbox 320 1951 1308 2031; baseline -0.015 -9"><span class='ocrx_word' id='word_1_92' title='bbox 320 1961 424 2022; x_wconf 82' lang='lat' dir='ltr'><strong>nidum</strong></span> <span class='ocrx_word' id='word_1_93' title='bbox 444 1977 573 2026; x_wconf 84' lang='lat' dir='ltr'><strong>sensere,</strong></span> <span class='ocrx_word' id='word_1_94' title='bbox 597 1975 655 2013; x_wconf 85' lang='lat' dir='ltr'><strong>oua</strong></span> <span class='ocrx_word' id='word_1_95' title='bbox 674 1963 870 2031; x_wconf 71' lang='lat' dir='ltr'><strong>transgerunt</strong></span> <span class='ocrx_word' id='word_1_96' title='bbox 891 1953 961 2011; x_wconf 80' lang='lat' dir='ltr'><strong>atio.</strong></span> <span class='ocrx_word' id='word_1_97' title='bbox 995 1953 1085 2024; x_wconf 84' lang='lat' dir='ltr'><strong>Quod</strong></span> <span class='ocrx_word' id='word_1_98' title='bbox 1107 1951 1189 2011; x_wconf 77' lang='lat' dir='ltr'><strong>vnde</strong></span> <span class='ocrx_word' id='word_1_99' title='bbox 1206 1961 1308 2009; x_wconf 82' lang='lat' dir='ltr'><strong>trans-</strong></span> 
     </span>
     <span class='ocr_line' id='line_1_15' title="bbox 318 2049 1309 2134; baseline -0.008 -16"><span class='ocrx_word' id='word_1_100' title='bbox 318 2058 437 2132; x_wconf 83' lang='lat' dir='ltr'><strong>tulerit,</strong></span> <span class='ocrx_word' id='word_1_101' title='bbox 458 2055 640 2134; x_wconf 81' lang='lat' dir='ltr'><strong>ignoramus.</strong></span> <span class='ocrx_word' id='word_1_102' title='bbox 666 2052 727 2112; x_wconf 79' lang='lat' dir='ltr'><strong>sed</strong></span> <span class='ocrx_word' id='word_1_103' title='bbox 739 2052 863 2111; x_wconf 85' lang='lat' dir='ltr'><strong>videtur</strong></span> <span class='ocrx_word' id='word_1_104' title='bbox 874 2049 913 2107; x_wconf 82' lang='lat' dir='ltr'><strong>ad</strong></span> <span class='ocrx_word' id='word_1_105' title='bbox 927 2051 1028 2108; x_wconf 72' lang='lat' dir='ltr'><strong>varies</strong></span> <span class='ocrx_word' id='word_1_106' title='bbox 1040 2053 1123 2130; x_wconf 83' lang='lat' dir='ltr'><strong>picas</strong></span> <span class='ocrx_word' id='word_1_107' title='bbox 1144 2053 1309 2131; x_wconf 77' lang='lat' dir='ltr'><strong>pertinere,</strong></span> 
     </span>
     <span class='ocr_line' id='line_1_16' title="bbox 320 2147 1310 2234; baseline -0.011 -15"><span class='ocrx_word' id='word_1_108' title='bbox 320 2160 358 2220; x_wconf 84' lang='lat' dir='ltr'><strong>de</strong></span> <span class='ocrx_word' id='word_1_109' title='bbox 371 2153 479 2234; x_wconf 88' lang='lat' dir='ltr'><strong>quibus</strong></span> <span class='ocrx_word' id='word_1_110' title='bbox 494 2152 576 2213; x_wconf 88' lang='lat' dir='ltr'><strong>idem</strong></span> <span class='ocrx_word' id='word_1_111' title='bbox 586 2173 609 2213; x_wconf 90' lang='lat' dir='ltr'><strong>s.</strong></span> <span class='ocrx_word' id='word_1_112' title='bbox 618 2155 667 2212; x_wconf 77' lang='lat'><strong>41.</strong></span> <span class='ocrx_word' id='word_1_113' title='bbox 681 2155 785 2232; x_wconf 88' lang='lat' dir='ltr'><strong>Nuper</strong></span> <span class='ocrx_word' id='word_1_114' title='bbox 798 2163 828 2210; x_wconf 91' lang='lat' dir='ltr'><strong>et</strong></span> <span class='ocrx_word' id='word_1_115' title='bbox 841 2147 942 2208; x_wconf 75' lang='lat' dir='ltr'><strong>adhue</strong></span> <span class='ocrx_word' id='word_1_116' title='bbox 954 2156 1058 2207; x_wconf 83' lang='lat' dir='ltr'><strong>tamen</strong></span> <span class='ocrx_word' id='word_1_117' title='bbox 1068 2169 1142 2207; x_wconf 89' lang='lat' dir='ltr'><strong>rara</strong></span> <span class='ocrx_word' id='word_1_118' title='bbox 1155 2149 1310 2230; x_wconf 74' lang='lat' dir='ltr'><strong>abApeu·</strong></span> 
     </span>
     <span class='ocr_line' id='line_1_17' title="bbox 321 2252 1311 2331; baseline -0.004 -16"><span class='ocrx_word' id='word_1_119' title='bbox 321 2262 394 2317; x_wconf 77' lang='lat' dir='ltr'><strong>nino</strong></span> <span class='ocrx_word' id='word_1_120' title='bbox 408 2255 450 2314; x_wconf 86' lang='lat' dir='ltr'><strong>ad</strong></span> <span class='ocrx_word' id='word_1_121' title='bbox 470 2253 570 2312; x_wconf 73' lang='lat' dir='ltr'><strong>vrbem</strong></span> <span class='ocrx_word' id='word_1_122' title='bbox 584 2265 682 2309; x_wconf 81' lang='lat' dir='ltr'><strong>versas</strong></span> <span class='ocrx_word' id='word_1_123' title='bbox 698 2253 782 2309; x_wconf 83' lang='lat' dir='ltr'><strong>oerne&#39;</strong></span> <span class='ocrx_word' id='word_1_124' title='bbox 800 2269 919 2329; x_wconf 82' lang='lat' dir='ltr'><strong>coepere</strong></span> <span class='ocrx_word' id='word_1_125' title='bbox 927 2252 1068 2330; x_wconf 79' lang='lat' dir='ltr'><strong>pisarum</strong></span> <span class='ocrx_word' id='word_1_126' title='bbox 1083 2269 1211 2329; x_wconf 81' lang='lat' dir='ltr'><strong>genera,</strong></span> <span class='ocrx_word' id='word_1_127' title='bbox 1232 2271 1311 2331; x_wconf 78' lang='lat' dir='ltr'><strong>puae</strong></span> 
     </span>
     <span class='ocr_line' id='line_1_18' title="bbox 321 2347 1311 2432; baseline -0.005 -19"><span class='ocrx_word' id='word_1_128' title='bbox 321 2359 414 2432; x_wconf 85' lang='lat' dir='ltr'><strong>longa</strong></span> <span class='ocrx_word' id='word_1_129' title='bbox 433 2353 567 2428; x_wconf 79' lang='lat' dir='ltr'><strong>insignes</strong></span> <span class='ocrx_word' id='word_1_130' title='bbox 597 2347 697 2406; x_wconf 74' lang='lat' dir='ltr'><strong>cautla</strong></span> <span class='ocrx_word' id='word_1_131' title='bbox 719 2350 824 2405; x_wconf 74' lang='lat' dir='ltr'><strong>versae</strong></span> <span class='ocrx_word' id='word_1_132' title='bbox 842 2347 1038 2427; x_wconf 78' lang='lat' dir='ltr'><strong>appellantur.</strong></span> <span class='ocrx_word' id='word_1_133' title='bbox 1083 2351 1242 2429; x_wconf 76' lang='lat' dir='ltr'><strong>Proprium</strong></span> <span class='ocrx_word' id='word_1_134' title='bbox 1261 2351 1311 2408; x_wconf 74' lang='lat' dir='ltr'><strong>leis</strong></span> 
     </span>
     <span class='ocr_line' id='line_1_19' title="bbox 323 2445 1314 2527; baseline -0.006 -12"><span class='ocrx_word' id='word_1_135' title='bbox 323 2453 489 2515; x_wconf 83' lang='lat' dir='ltr'><strong>aalaescere</strong></span> <span class='ocrx_word' id='word_1_136' title='bbox 506 2445 641 2507; x_wconf 80' lang='lat' dir='ltr'><strong>omnibue&#39;</strong></span> <span class='ocrx_word' id='word_1_137' title='bbox 654 2446 745 2505; x_wconf 80' lang='lat' dir='ltr'><strong>arenis</strong></span> <span class='ocrx_word' id='word_1_138' title='bbox 751 2485 762 2516; x_wconf 85' lang='lat'><em>,</em></span> <span class='ocrx_word' id='word_1_139' title='bbox 784 2462 854 2504; x_wconf 81' lang='lat' dir='ltr'><strong>aum</strong></span> <span class='ocrx_word' id='word_1_140' title='bbox 869 2453 1009 2506; x_wconf 80' lang='lat' dir='ltr'><strong>seruntur</strong></span> <span class='ocrx_word' id='word_1_141' title='bbox 1023 2467 1108 2527; x_wconf 89' lang='lat' dir='ltr'><strong>rapa.</strong></span> <span class='ocrx_word' id='word_1_142' title='bbox 1142 2449 1228 2522; x_wconf 78' lang='lat' dir='ltr'><strong>Qhee</strong></span> <span class='ocrx_word' id='word_1_143' title='bbox 1241 2467 1314 2519; x_wconf 77' lang='lat' dir='ltr'><strong>sunt</strong></span> 
     </span>
     <span class='ocr_line' id='line_1_20' title="bbox 322 2542 1313 2631; baseline -0.004 -18"><span class='ocrx_word' id='word_1_144' title='bbox 322 2554 462 2631; x_wconf 78' lang='lat' dir='ltr'><strong>vulgares</strong></span> <span class='ocrx_word' id='word_1_145' title='bbox 477 2556 597 2608; x_wconf 76' lang='lat' dir='ltr'><strong>nostrae</strong></span> <span class='ocrx_word' id='word_1_146' title='bbox 610 2544 712 2625; x_wconf 80' lang='lat' dir='ltr'><strong>picae,</strong></span> <span class='ocrx_word' id='word_1_147' title='bbox 734 2542 817 2603; x_wconf 85' lang='lat' dir='ltr'><strong>Galli</strong></span> <span class='ocrx_word' id='word_1_148' title='bbox 825 2548 891 2625; x_wconf 79' lang='lat' dir='ltr'><strong>pe&#39;ee</strong></span> <span class='ocrx_word' id='word_1_149' title='bbox 902 2554 1025 2623; x_wconf 78' lang='lat' dir='ltr'><strong>vocant,</strong></span> <span class='ocrx_word' id='word_1_150' title='bbox 1044 2568 1104 2628; x_wconf 85' lang='lat' dir='ltr'><strong>quo</strong></span> <span class='ocrx_word' id='word_1_151' title='bbox 1118 2548 1242 2609; x_wconf 84' lang='lat' dir='ltr'><strong>nomine</strong></span> <span class='ocrx_word' id='word_1_152' title='bbox 1253 2549 1313 2609; x_wconf 60' lang='lat' dir='ltr'><strong>ca·</strong></span> 
     </span>
     <span class='ocr_line' id='line_1_21' title="bbox 323 2645 1312 2728; baseline -0.002 -17"><span class='ocrx_word' id='word_1_153' title='bbox 323 2672 391 2715; x_wconf 86' lang='lat' dir='ltr'><strong>mus</strong></span> <span class='ocrx_word' id='word_1_154' title='bbox 406 2666 477 2709; x_wconf 84' lang='lat' dir='ltr'><strong>vsus</strong></span> <span class='ocrx_word' id='word_1_155' title='bbox 492 2654 550 2720; x_wconf 87' lang='lat' dir='ltr'><strong>est,</strong></span> <span class='ocrx_word' id='word_1_156' title='bbox 572 2662 640 2703; x_wconf 87' lang='lat' dir='ltr'><strong>enm</strong></span> <span class='ocrx_word' id='word_1_157' title='bbox 650 2646 801 2723; x_wconf 74' lang='lat' dir='ltr'><strong>Scaliger«)</strong></span> <span class='ocrx_word' id='word_1_158' title='bbox 817 2645 962 2719; x_wconf 82' lang='lat' dir='ltr'><strong>sentiens,</strong></span> <span class='ocrx_word' id='word_1_159' title='bbox 983 2648 1035 2721; x_wconf 91' lang='lat' dir='ltr'><strong>qui</strong></span> <span class='ocrx_word' id='word_1_160' title='bbox 1047 2645 1224 2728; x_wconf 74' lang='lat' dir='ltr'><strong>Philosophi</strong></span> <span class='ocrx_word' id='word_1_161' title='bbox 1240 2665 1312 2709; x_wconf 61' lang='lat' dir='ltr'><strong>aar*</strong></span> 
     </span>
     <span class='ocr_line' id='line_1_22' title="bbox 323 2742 1313 2829; baseline -0.006 -17"><span class='ocrx_word' id='word_1_162' title='bbox 323 2752 472 2817; x_wconf 83' lang='lat' dir='ltr'><strong>rationem</strong></span> <span class='ocrx_word' id='word_1_163' title='bbox 489 2748 521 2805; x_wconf 89' lang='lat' dir='ltr'><strong>in</strong></span> <span class='ocrx_word' id='word_1_164' title='bbox 539 2744 678 2825; x_wconf 84' lang='lat' dir='ltr'><strong>pluribus</strong></span> <span class='ocrx_word' id='word_1_165' title='bbox 699 2742 905 2824; x_wconf 80' lang='lat' dir='ltr'><strong>reprehendit.</strong></span> <span class='ocrx_word' id='word_1_166' title='bbox 940 2742 1001 2801; x_wconf 85' lang='lat' dir='ltr'><strong>Sed</strong></span> <span class='ocrx_word' id='word_1_167' title='bbox 1021 2744 1059 2804; x_wconf 87' lang='lat' dir='ltr'><strong>de</strong></span> <span class='ocrx_word' id='word_1_168' title='bbox 1070 2748 1139 2827; x_wconf 80' lang='lat' dir='ltr'><strong>pies</strong></span> <span class='ocrx_word' id='word_1_169' title='bbox 1157 2750 1313 2829; x_wconf 74' lang='lat' dir='ltr'><strong>glandaria</strong></span> 
     </span>
     <span class='ocr_line' id='line_1_23' title="bbox 324 2840 1313 2929; baseline -0.005 -15"><span class='ocrx_word' id='word_1_170' title='bbox 324 2859 433 2914; x_wconf 71' lang='grc' dir='ltr'><strong><em>κίτταν</em></strong></span> <span class='ocrx_word' id='word_1_171' title='bbox 450 2854 531 2907; x_wconf 86' lang='lat' dir='ltr'><strong>recte</strong></span> <span class='ocrx_word' id='word_1_172' title='bbox 548 2842 606 2903; x_wconf 88' lang='lat' dir='ltr'><strong>iam</strong></span> <span class='ocrx_word' id='word_1_173' title='bbox 618 2842 693 2903; x_wconf 90' lang='lat' dir='ltr'><strong>olim</strong></span> <span class='ocrx_word' id='word_1_174' title='bbox 713 2844 929 2922; x_wconf 80' lang='lat' dir='ltr'><strong>interpretatus</strong></span> <span class='ocrx_word' id='word_1_175' title='bbox 944 2852 990 2901; x_wconf 84' lang='lat' dir='ltr'><strong>est</strong></span> <span class='ocrx_word' id='word_1_176' title='bbox 1008 2840 1041 2900; x_wconf 86' lang='lat' dir='ltr'><strong>C.</strong></span> <span class='ocrx_word' id='word_1_177' title='bbox 1055 2846 1179 2921; x_wconf 85' lang='lat' dir='ltr'><strong>Gesner,</strong></span> <span class='ocrx_word' id='word_1_178' title='bbox 1201 2848 1238 2908; x_wconf 88' lang='lat' dir='ltr'><strong>de</strong></span> <span class='ocrx_word' id='word_1_179' title='bbox 1252 2870 1313 2929; x_wconf 87' lang='lat' dir='ltr'><strong>qua</strong></span> 
     </span>
     <span class='ocr_line' id='line_1_24' title="bbox 325 2944 1313 3027; baseline -0.002 -17"><span class='ocrx_word' id='word_1_180' title='bbox 325 2948 442 3010; x_wconf 80' lang='lat' dir='ltr'><strong>Plinius</strong></span> <span class='ocrx_word' id='word_1_181' title='bbox 464 2964 508 3008; x_wconf 87' lang='grc' dir='ltr'><strong>ιο.</strong></span> <span class='ocrx_word' id='word_1_182' title='bbox 524 2964 546 3003; x_wconf 90' lang='lat' dir='ltr'><strong>s.</strong></span> <span class='ocrx_word' id='word_1_183' title='bbox 562 2944 610 3021; x_wconf 81' lang='lat'><strong>59.</strong></span> <span class='ocrx_word' id='word_1_184' title='bbox 632 2946 796 3023; x_wconf 68' lang='lat' dir='ltr'><strong>expressior</strong></span> <span class='ocrx_word' id='word_1_185' title='bbox 808 2945 980 3023; x_wconf 76' lang='lat' dir='ltr'><strong>loquacitas</strong></span> <span class='ocrx_word' id='word_1_186' title='bbox 991 2947 1095 3021; x_wconf 77' lang='lat' dir='ltr'><strong>genere*</strong></span> <span class='ocrx_word' id='word_1_187' title='bbox 1104 2950 1245 3027; x_wconf 79' lang='lat' dir='ltr'><strong>picarum</strong></span> <span class='ocrx_word' id='word_1_188' title='bbox 1259 2958 1313 3009; x_wconf 86' lang='lat' dir='ltr'><strong>est.</strong></span> 
     </span>
     <span class='ocr_line' id='line_1_25' title="bbox 324 3040 1311 3130; baseline 0.003 -27"><span class='ocrx_word' id='word_1_189' title='bbox 324 3080 367 3097; x_wconf 91' lang='grc'><strong>-</strong></span> <span class='ocrx_word' id='word_1_190' title='bbox 383 3068 437 3105; x_wconf 83' lang='lat' dir='ltr'><strong>nee</strong></span> <span class='ocrx_word' id='word_1_191' title='bbox 450 3045 583 3123; x_wconf 77' lang='lat' dir='ltr'><strong>vulgaris</strong></span> <span class='ocrx_word' id='word_1_192' title='bbox 599 3044 659 3103; x_wconf 76' lang='lat' dir='ltr'><strong>illis</strong></span> <span class='ocrx_word' id='word_1_193' title='bbox 665 3040 770 3122; x_wconf 84' lang='lat' dir='ltr'><strong>forma</strong></span> <span class='ocrx_word' id='word_1_194' title='bbox 777 3083 789 3112; x_wconf 84' lang='lat'><em>,</em></span> <span class='ocrx_word' id='word_1_195' title='bbox 810 3045 951 3123; x_wconf 72' lang='lat' dir='ltr'><strong>quamuis</strong></span> <span class='ocrx_word' id='word_1_196' title='bbox 967 3060 1028 3100; x_wconf 82' lang='lat' dir='ltr'><strong>nore</strong></span> <span class='ocrx_word' id='word_1_197' title='bbox 1042 3048 1206 3123; x_wconf 77' lang='lat' dir='ltr'><strong>spectanda</strong></span> <span class='ocrx_word' id='word_1_198' title='bbox 1220 3047 1268 3130; x_wconf 76' lang='lat' dir='ltr'><strong>(st</strong></span> <span class='ocrx_word' id='word_1_199' title='bbox 1277 3049 1311 3106; x_wconf 90' lang='lat' dir='ltr'><strong>in</strong></span> 
     </span>
     <span class='ocr_line' id='line_1_26' title="bbox 324 3139 1311 3229; baseline -0.003 -23"><span class='ocrx_word' id='word_1_200' title='bbox 324 3142 477 3229; x_wconf 86' lang='lat' dir='ltr'><strong>psittacis)</strong></span> <span class='ocrx_word' id='word_1_201' title='bbox 503 3176 544 3187; x_wconf 95' lang='lat'>-</span> <span class='ocrx_word' id='word_1_202' title='bbox 567 3142 675 3205; x_wconf 86' lang='lat' dir='ltr'><strong>Verum</strong></span> <span class='ocrx_word' id='word_1_203' title='bbox 694 3139 849 3203; x_wconf 70' lang='lat' dir='ltr'><strong>addiscere</strong></span> <span class='ocrx_word' id='word_1_204' title='bbox 863 3142 945 3201; x_wconf 80' lang='lat' dir='ltr'><strong>altas</strong></span> <span class='ocrx_word' id='word_1_205' title='bbox 965 3153 1080 3221; x_wconf 82' lang='lat' dir='ltr'><strong>negaret</strong></span> <span class='ocrx_word' id='word_1_206' title='bbox 1093 3164 1198 3223; x_wconf 86' lang='lat' dir='ltr'><strong>posse,</strong></span> <span class='ocrx_word' id='word_1_207' title='bbox 1220 3159 1311 3227; x_wconf 80' lang='lat' dir='ltr'><strong>qaam</strong></span> 
     </span>
     <span class='ocr_line' id='line_1_27' title="bbox 325 3241 1312 3332; baseline -0.005 -25"><span class='ocrx_word' id='word_1_208' title='bbox 325 3270 403 3332; x_wconf 78' lang='lat' dir='ltr'><strong>quae</strong></span> <span class='ocrx_word' id='word_1_209' title='bbox 416 3266 451 3306; x_wconf 79' lang='lat' dir='ltr'><strong>ee</strong></span> <span class='ocrx_word' id='word_1_210' title='bbox 464 3262 571 3321; x_wconf 81' lang='lat' dir='ltr'><strong>genere</strong></span> <span class='ocrx_word' id='word_1_211' title='bbox 585 3262 686 3300; x_wconf 85' lang='lat' dir='ltr'><strong>earum</strong></span> <span class='ocrx_word' id='word_1_212' title='bbox 698 3252 789 3314; x_wconf 81' lang='lat' dir='ltr'><strong>eust,</strong></span> <span class='ocrx_word' id='word_1_213' title='bbox 811 3260 890 3321; x_wconf 86' lang='lat' dir='ltr'><strong>quae</strong></span> <span class='ocrx_word' id='word_1_214' title='bbox 898 3241 1010 3319; x_wconf 81' lang='lat' dir='ltr'><strong>glande</strong></span> <span class='ocrx_word' id='word_1_215' title='bbox 1022 3256 1199 3315; x_wconf 75' lang='lat' dir='ltr'><strong>vescamur,</strong></span> <span class='ocrx_word' id='word_1_216' title='bbox 1220 3256 1249 3304; x_wconf 88' lang='lat' dir='ltr'><strong>et</strong></span> <span class='ocrx_word' id='word_1_217' title='bbox 1263 3248 1312 3303; x_wconf 82' lang='lat' dir='ltr'><strong>e‘n-</strong></span> 
     </span>
     <span class='ocr_line' id='line_1_28' title="bbox 330 3340 1312 3423; baseline 0 -19"><span class='ocrx_word' id='word_1_218' title='bbox 330 3360 376 3408; x_wconf 86' lang='lat' dir='ltr'><strong>ter</strong></span> <span class='ocrx_word' id='word_1_219' title='bbox 392 3340 578 3423; x_wconf 82' lang='lat' dir='ltr'><strong>enssaeils‘us</strong></span> <span class='ocrx_word' id='word_1_220' title='bbox 586 3381 598 3410; x_wconf 84' lang='lat'><em>,</em></span> <span class='ocrx_word' id='word_1_221' title='bbox 625 3340 731 3422; x_wconf 80' lang='lat' dir='ltr'><strong>quibus</strong></span> <span class='ocrx_word' id='word_1_222' title='bbox 744 3346 832 3422; x_wconf 79' lang='lat' dir='ltr'><strong>quini</strong></span> <span class='ocrx_word' id='word_1_223' title='bbox 841 3349 914 3399; x_wconf 81' lang='lat' dir='ltr'><strong>eunt</strong></span> <span class='ocrx_word' id='word_1_224' title='bbox 923 3340 1017 3419; x_wconf 75' lang='lat' dir='ltr'><strong>digiti</strong></span> <span class='ocrx_word' id='word_1_225' title='bbox 1029 3344 1063 3399; x_wconf 79' lang='lat' dir='ltr'><strong>e&#39;re</strong></span> <span class='ocrx_word' id='word_1_226' title='bbox 1069 3344 1206 3421; x_wconf 74' lang='lat' dir='ltr'><strong>pedibas.</strong></span> <span class='ocrx_word' id='word_1_227' title='bbox 1234 3344 1312 3404; x_wconf 79' lang='lat' dir='ltr'><strong>cnm</strong></span> 
     </span>
     <span class='ocr_line' id='line_1_29' title="bbox 326 3437 1313 3522; baseline -0.002 -19"><span class='ocrx_word' id='word_1_228' title='bbox 326 3448 463 3507; x_wconf 84' lang='lat' dir='ltr'><strong>Gesnero</strong></span> <span class='ocrx_word' id='word_1_229' title='bbox 476 3437 567 3499; x_wconf 81' lang='lat' dir='ltr'><strong>sentit</strong></span> <span class='ocrx_word' id='word_1_230' title='bbox 579 3438 669 3505; x_wconf 81' lang='lat' dir='ltr'><strong>etiem</strong></span> <span class='ocrx_word' id='word_1_231' title='bbox 685 3440 873 3511; x_wconf 82' lang='lat' dir='ltr'><strong>llsrduinus,</strong></span> <span class='ocrx_word' id='word_1_232' title='bbox 894 3440 948 3517; x_wconf 82' lang='lat' dir='ltr'><strong>qni</strong></span> <span class='ocrx_word' id='word_1_233' title='bbox 963 3439 1120 3501; x_wconf 79' lang='lat' dir='ltr'><strong>Gallomm</strong></span> <span class='ocrx_word' id='word_1_234' title='bbox 1134 3444 1220 3522; x_wconf 80' lang='lat' dir='ltr'><strong>Geay</strong></span> <span class='ocrx_word' id='word_1_235' title='bbox 1231 3438 1313 3504; x_wconf 70' lang='lat' dir='ltr'><strong>seete</strong></span> 
     </span>
     <span class='ocr_line' id='line_1_30' title="bbox 328 3536 1313 3622; baseline 0 -19"><span class='ocrx_word' id='word_1_236' title='bbox 328 3541 531 3622; x_wconf 83' lang='lat' dir='ltr'><strong>comparauit,</strong></span> <span class='ocrx_word' id='word_1_237' title='bbox 558 3546 588 3598; x_wconf 88' lang='lat' dir='ltr'><strong>et</strong></span> <span class='ocrx_word' id='word_1_238' title='bbox 615 3540 693 3600; x_wconf 78' lang='lat' dir='ltr'><strong>Geni</strong></span> <span class='ocrx_word' id='word_1_239' title='bbox 718 3538 753 3598; x_wconf 87' lang='lat' dir='ltr'><strong>in</strong></span> <span class='ocrx_word' id='word_1_240' title='bbox 773 3538 887 3598; x_wconf 76' lang='lat' dir='ltr'><strong>nister.</strong></span> <span class='ocrx_word' id='word_1_241' title='bbox 908 3544 969 3595; x_wconf 79' lang='lat' dir='ltr'><strong>nat.</strong></span> <span class='ocrx_word' id='word_1_242' title='bbox 992 3536 1149 3601; x_wconf 78' lang='lat' dir='ltr'><strong>Sardiniae</strong></span> <span class='ocrx_word' id='word_1_243' title='bbox 1168 3542 1254 3602; x_wconf 86' lang='lat' dir='ltr'><strong>Tam.</strong></span> <span class='ocrx_word' id='word_1_244' title='bbox 1275 3542 1313 3610; x_wconf 84' lang='lat' dir='ltr'><strong>ll.</strong></span> 
     </span>
     <span class='ocr_line' id='line_1_31' title="bbox 325 3634 1313 3723; baseline -0.009 -24"><span class='ocrx_word' id='word_1_245' title='bbox 325 3664 356 3723; x_wconf 85' lang='lat' dir='ltr'><strong>p.</strong></span> <span class='ocrx_word' id='word_1_246' title='bbox 372 3662 419 3719; x_wconf 86' lang='lat'><strong>⁷7·</strong></span> <span class='ocrx_word' id='word_1_247' title='bbox 445 3641 497 3718; x_wconf 88' lang='lat' dir='ltr'><strong>qui</strong></span> <span class='ocrx_word' id='word_1_248' title='bbox 520 3638 619 3717; x_wconf 83' lang='lat' dir='ltr'><strong>picam</strong></span> <span class='ocrx_word' id='word_1_249' title='bbox 643 3638 759 3697; x_wconf 80' lang='lat' dir='ltr'><strong>variam</strong></span> <span class='ocrx_word' id='word_1_250' title='bbox 777 3638 815 3696; x_wconf 80' lang='lat' dir='ltr'><strong>ab</strong></span> <span class='ocrx_word' id='word_1_251' title='bbox 831 3634 994 3695; x_wconf 74' lang='lat' dir='ltr'><strong>Aristotele</strong></span> <span class='ocrx_word' id='word_1_252' title='bbox 1010 3656 1157 3717; x_wconf 84' lang='lat' dir='ltr'><strong>nusquam</strong></span> <span class='ocrx_word' id='word_1_253' title='bbox 1180 3660 1313 3702; x_wconf 83' lang='lat' dir='ltr'><strong>eamme.</strong></span> 
     </span>
     <span class='ocr_line' id='line_1_32' title="bbox 325 3733 1314 3821; baseline -0.008 -21"><span class='ocrx_word' id='word_1_254' title='bbox 325 3742 438 3800; x_wconf 83' lang='lat' dir='ltr'><strong>morari</strong></span> <span class='ocrx_word' id='word_1_255' title='bbox 459 3741 621 3799; x_wconf 80' lang='lat' dir='ltr'><strong>annotauit</strong></span> <span class='ocrx_word' id='word_1_256' title='bbox 652 3738 809 3816; x_wconf 85' lang='lat' dir='ltr'><strong>Hodieque</strong></span> <span class='ocrx_word' id='word_1_257' title='bbox 821 3735 856 3793; x_wconf 90' lang='lat' dir='ltr'><strong>in</strong></span> <span class='ocrx_word' id='word_1_258' title='bbox 875 3734 1079 3817; x_wconf 79' lang='lat' dir='ltr'><strong>Graeciapioa</strong></span> <span class='ocrx_word' id='word_1_259' title='bbox 1090 3733 1314 3821; x_wconf 56' lang='lat' dir='ltr'><strong>glandaria-vs-</strong></span> 
     </span>
     <span class='ocr_line' id='line_1_33' title="bbox 324 3836 1312 3909; baseline 0.002 -12"><span class='ocrx_word' id='word_1_260' title='bbox 324 3848 372 3897; x_wconf 87' lang='lat' dir='ltr'><strong>tus</strong></span> <span class='ocrx_word' id='word_1_261' title='bbox 390 3856 501 3895; x_wconf 86' lang='lat' dir='ltr'><strong>nomen</strong></span> <span class='ocrx_word' id='word_1_262' title='bbox 513 3840 636 3909; x_wconf 86' lang='lat' dir='ltr'><strong>retinet,</strong></span> <span class='ocrx_word' id='word_1_263' title='bbox 656 3838 744 3898; x_wconf 83' lang='lat' dir='ltr'><strong>Klaa</strong></span> <span class='ocrx_word' id='word_1_264' title='bbox 757 3844 862 3895; x_wconf 75' lang='lat' dir='ltr'><strong>vocato</strong></span> <span class='ocrx_word' id='word_1_265' title='bbox 870 3878 878 3907; x_wconf 91' lang='lat'>,</span> <span class='ocrx_word' id='word_1_266' title='bbox 899 3842 975 3894; x_wconf 78' lang='lat' dir='ltr'><strong>teste</strong></span> <span class='ocrx_word' id='word_1_267' title='bbox 985 3836 1075 3898; x_wconf 79' lang='lat' dir='ltr'><strong>thlo</strong></span> <span class='ocrx_word' id='word_1_268' title='bbox 1086 3842 1194 3901; x_wconf 85' lang='lat' dir='ltr'><strong>Soniui</strong></span> <span class='ocrx_word' id='word_1_269' title='bbox 1207 3839 1312 3900; x_wconf 76' lang='lat' dir='ltr'><strong>ltines</strong></span> 
     </span>
     <span class='ocr_line' id='line_1_34' title="bbox 324 3932 1312 4018; baseline 0.002 -25"><span class='ocrx_word' id='word_1_270' title='bbox 324 3936 430 3995; x_wconf 88' lang='lat' dir='ltr'><strong>Graec.</strong></span> <span class='ocrx_word' id='word_1_271' title='bbox 444 3932 530 3995; x_wconf 85' lang='lat' dir='ltr'><strong>Tam.</strong></span> <span class='ocrx_word' id='word_1_272' title='bbox 545 3936 580 3996; x_wconf 93' lang='lat' dir='ltr'><strong>ll.</strong></span> <span class='ocrx_word' id='word_1_273' title='bbox 602 3958 666 4017; x_wconf 83' lang='lat' dir='ltr'><strong>pag.</strong></span> <span class='ocrx_word' id='word_1_274' title='bbox 684 3936 752 3995; x_wconf 83' lang='lat'>181.</span> <span class='ocrx_word' id='word_1_275' title='bbox 775 3934 915 3994; x_wconf 66' lang='lat' dir='ltr'><strong>ilbertus</strong></span> <span class='ocrx_word' id='word_1_276' title='bbox 933 3933 966 3994; x_wconf 91' lang='lat' dir='ltr'><strong>h.</strong></span> <span class='ocrx_word' id='word_1_277' title='bbox 980 3936 1001 3994; x_wconf 93' lang='lat' dir='ltr'><strong>l.</strong></span> <span class='ocrx_word' id='word_1_278' title='bbox 1017 3940 1109 4018; x_wconf 76' lang='lat' dir='ltr'><strong>kyclee</strong></span> <span class='ocrx_word' id='word_1_279' title='bbox 1126 3937 1312 3999; x_wconf 72' lang='lat' dir='ltr'><strong>nominauit»</strong></span> 
     </span>
     <span class='ocr_line' id='line_1_35' title="bbox 322 4028 1311 4118; baseline 0.007 -27"><span class='ocrx_word' id='word_1_280' title='bbox 322 4028 501 4091; x_wconf 83' lang='lat' dir='ltr'><strong>Vincentius</strong></span> <span class='ocrx_word' id='word_1_281' title='bbox 525 4033 562 4091; x_wconf 82' lang='lat'><strong>16</strong></span> <span class='ocrx_word' id='word_1_282' title='bbox 569 4074 578 4108; x_wconf 88' lang='lat'><strong><em>,</em></strong></span> <span class='ocrx_word' id='word_1_283' title='bbox 595 4036 623 4095; x_wconf 88' lang='grc'><strong>5.</strong></span> <span class='ocrx_word' id='word_1_284' title='bbox 645 4034 736 4118; x_wconf 75' lang='lat' dir='ltr'><strong>tyke,</strong></span> <span class='ocrx_word' id='word_1_285' title='bbox 758 4054 823 4113; x_wconf 86' lang='lat' dir='ltr'><strong>eap.</strong></span> <span class='ocrx_word' id='word_1_286' title='bbox 846 4052 910 4094; x_wconf 82' lang='lat'>100.</span> <span class='ocrx_word' id='word_1_287' title='bbox 933 4036 1020 4097; x_wconf 69' lang='lat' dir='ltr'><strong>tides.</strong></span> <span class='ocrx_word' id='word_1_288' title='bbox 1054 4038 1144 4098; x_wconf 78' lang='lat' dir='ltr'><strong>Vocis</strong></span> <span class='ocrx_word' id='word_1_289' title='bbox 1166 4040 1311 4098; x_wconf 78' lang='lat' dir='ltr'><strong>variatio-²</strong></span> 
     </span>
    </p>
   </div>
   <div class='ocr_carea' id='block_1_5' title="bbox 0 0 1501 5000">
    <p class='ocr_par' dir='ltr' id='par_1_5' title="bbox 0 0 1501 5000">
     <span class='ocr_line' id='line_1_36' title="bbox 0 0 1501 5000; baseline 0 0"><span class='ocrx_word' id='word_1_290' title='bbox 0 0 1501 5000; x_wconf 95' lang='lat' dir='ltr'><strong> </strong></span> 
     </span>
    </p>
   </div>
  </div>
 </body>
</html>
