2959 5000
539 540 731 603 morsu
753 542 836 604 xrs.
1125 549 1188 630 529

182 714 352 775 Memoriae
363 710 500 791 prodidit
518 710 702 775 Aristoteles
723 712 757 769 in
774 710 851 771 libro
873 732 930 773 ruo
950 713 987 775 de
999 715 1183 775 animalibus

180 812 448 883 irrationabilibus,
473 808 556 891 quod
570 829 681 869 cancer
694 814 833 871 morinus
843 824 969 894 appetat
983 835 1065 872 eeum
1080 818 1182 874 carnit

179 912 272 972 huius
286 912 441 983 animalis,
471 920 502 968 et
512 919 677 991 postquam
687 916 830 989 *proxime
849 914 953 990 adegit
970 910 1015 971 ad
1034 933 1067 971 se
1088 924 1118 971 et
1136 912 1184 973 ad

181 1011 330 1072 obiectum
341 1013 499 1092 appetitur
506 1012 556 1067 sui
569 1008 690 1091 aliquid
697 1011 783 1090 quod
791 1010 941 1073 dimittere
946 1014 1045 1091 poerit
1057 1014 1092 1069 irs
1108 1032 1179 1070 mu·

178 1132 248 1170 rum
259 1114 354 1185 illum,
376 1114 429 1191 qui
441 1108 601 1168 intercedit
615 1112 696 1169 inter
712 1112 811 1189 ipim
825 1123 856 1171 et
867 1114 947 1171 inter
960 1130 1084 1171 carnem
1094 1110 1179 1169 illam

179 1214 314 1283 mollem,
338 1219 475 1293 quaeest
490 1208 672 1279 inconcisa,
692 1209 822 1271 inridier
839 1214 869 1270 ei
882 1215 976 1270 etr'uit
994 1212 1054 1271 lroc
1072 1210 1194 1273 modos.

179 1330 241 1367 non
266 1309 378 1369 desinit
400 1328 510 1368 cancer
535 1310 594 1380 tlte,
604 1308 808 1369 indesinenter
836 1311 992 1371 obmutire
1015 1308 1176 1381 concisam,

177 1430 270 1490 resque
285 1411 357 1469 dum
371 1410 473 1470 videat
486 1406 634 1483 orificium
652 1411 715 1466 eius
730 1429 764 1467 ee
774 1414 899 1491 operire.
945 1412 1023 1469 ilem
1036 1430 1106 1469 vero
1120 1431 1174 1471 ers·

177 1511 234 1567 mit
245 1510 381 1583 lapillum
390 1528 522 1587 parumn
532 1508 717 1587 proiicitque
726 1512 835 1567 eumin
846 1512 1014 1569 caetitatem
1026 1508 1173 1583 concleae,

176 1618 211 1666 or
236 1628 298 1665 noo
310 1612 408 1689 poerit
423 1608 459 1666 olo
472 1607 556 1666 lianc
569 1626 712 1665 caussam
724 1628 757 1665 se
771 1608 963 1683 contrahere,
983 1609 1065 1667 veltet
1078 1618 1173 1669 antea

170 1705 303 1789 secerct,
324 1728 379 1767 nec
392 1709 490 1787 poerit
506 1704 643 1785 repellere
655 1705 785 1785 lapidem
798 1721 830 1765 et
842 1727 873 1766 ee
887 1706 1034 1768 claudere.
1054 1707 1174 1769 Deinde

176 1809 316 1867 immittit
332 1826 442 1867 cancer
457 1798 675 1865 cornuoeuain
681 1808 774 1865 istam
789 1827 911 1869 carnem
924 1819 1069 1880 teneram,
1090 1832 1174 1870 eam·

176 1928 234 1989 pue
251 1906 383 1965 estralsit
395 1916 424 1963 et
437 1904 566 1965 comedit
582 1915 735 1987 tanquam
750 1906 849 1965 cibum
862 1909 1077 1986 gratissimum.
1105 1912 1173 1972 Au-

176 2015 244 2067 ctor
258 2004 434 2085 speciminis
449 2004 618 2076 admonuit,
633 2004 668 2063 in
681 2003 787 2065 Iudice
807 2006 969 2066 subiuncta
983 2007 1139 2069 Aristoteli
1151 2030 1171 2069 a
1211 2018 1216 2024 '

174 2104 254 2167 Iulio
266 2102 394 2168 Caesare
409 2105 563 2187 scaligero
586 2106 620 2164 in
641 2104 772 2163 latinum
797 2124 947 2166 conuerso
965 2116 1070 2168 extare
1095 2107 1173 2169 hoec

173 2206 283 2265 verbe:
306 2206 462 2267 Cancellm
481 2208 596 2266 iniecto
615 2204 717 2285 lapillo
737 2215 867 2265 murum
885 2216 993 2281 vorat,'
1017 2206 1071 2267 sed
1086 2208 1172 2289 pegi-

173 2321 245 2363 uom
261 2305 378 2365 nullom
392 2315 659 2380 ceremoniam,
677 2302 818 2381 adquam
839 2304 993 2363 relerenu
1004 2307 1169 2372 mactatio.

172 2402 208 2463 In
222 2426 291 2464 meo
305 2407 449 2485 exemplo
461 2406 571 2484 pagine
587 2422 634 2483 17.
646 2399 890 2481 indiceturpsetl
912 2401 957 2465 ibi
982 2405 1063 2466 nihil
1077 2428 1169 2487 repe-

170 2500 251 2562 ritur
268 2503 306 2564 de
323 2524 433 2564 cancro
449 2503 612 2564 insidiente
626 2512 745 2575 ostreo;
766 2521 867 2578 neque
888 2521 1012 2580 possum
1027 2507 1169 2586 equidem

173 2604 330 2676 diuinare,
352 2603 435 2662 vnde
453 2601 635 2660 deueuerint
647 2598 743 2659 verbs
761 2599 796 2657 in
811 2600 901 2658 illum
917 2601 1060 2666 Iudicem.
1102 2609 1169 2668 lloo

172 2711 273 2762 temen
289 2701 388 2775 video,
405 2698 611 2757 narrationem
631 2695 855 2756 Aristotelicum
870 2717 976 2758 errore
991 2702 1168 2781 interpretis

172 2810 226 2860 eut
251 2799 373 2859 Arabici
396 2796 511 2856 veteris
529 2805 582 2855 eut
599 2793 714 2878 Belgiei
736 2791 824 2853 latini
844 2793 940 2854 fuisse
965 2796 1169 2877 deprensum.
1199 2791 1202 2794 ⁴

171 2901 333 2960 Alteruter·
343 2900 485 2976 deceptus
496 2897 590 2958 fuisse
603 2894 725 2955 videtur
737 2891 862 2953 nomine
869 2891 1037 2977 πολυσὴμῳ
1048 2902 1167 2981 polypi.

172 2997 219 3057 De
241 2997 357 3076 polypo
378 2995 459 3057 enim
476 3015 550 3055 vere
568 2993 690 3054 videtur
709 2990 862 3053 narretis:
891 3003 921 3054 et
936 3004 1062 3059 testetm
1079 3002 1166 3062 locus

171 3093 351 3175 Philosophi
363 3094 508 3155 historiae
519 3113 548 3173 9,
565 3115 590 3155 c.
600 3093 650 3153 25.
669 3113 692 3150 s.
706 3111 735 3170 9.
747 3091 897 3170 polypum
911 3115 1035 3160 canoros
1048 3111 1165 3162 eleon.
1251 3085 1255 3090 ’
1352 3077 1355 3083 ’

170 3194 274 3273 chylia
289 3194 396 3257 venari
412 3213 579 3272 eorumque
592 3193 732 3254 cornibus
745 3191 838 3270 posci.
879 3194 985 3267 Quid?
1006 3200 1088 3276 quod
1114 3223 1165 3262 er-

169 3313 273 3355 rorem
287 3295 321 3356 in
344 3315 453 3356 canoro
474 3294 666 3354 commissum
687 3291 786 3373 arguit
806 3293 874 3371 ipsa
890 3297 1035 3354 namatio.
1080 3300 1166 3373 Quo.

171 3394 264 3456 modo
283 3398 365 3456 enim
378 3393 445 3454 fieri
467 3394 578 3473 possit,
613 3403 648 3454 vt
670 3411 779 3454 cancer
804 3389 948 3454 immissis
968 3395 1111 3457 cornibus
1130 3401 1165 3461 in

114 3559 117 3566 Ι
170 3491 317 3552 conchem
340 3480 475 3574 ape'rtern
503 3513 624 3553 carnem
651 3493 806 3566 extrahat,
839 3514 898 3572 que
921 3483 1082 3575 precetur?
1123 3503 1164 3559 At
1285 3558 1288 3562 .

169 3609 246 3651 vero
258 3595 392 3674 polypus
406 3593 612 3654 immissorum
625 3591 820 3654 brachiorum
835 3595 997 3656 acetabulis
1016 3596 1105 3657 focile
1117 3598 1165 3659 ef-

168 3687 262 3749 ficere
276 3692 427 3772 idpotcst,
450 3702 480 3752 et
493 3696 638 3755 concham
655 3693 870 3756 osnubussuis
883 3694 1025 3775 spoliare.
1067 3693 1165 3756 Deni-
1274 3721 1278 3727 ’

170 3807 230 3867 que
252 3793 453 3870 suspicionem
482 3814 579 3854 meam
609 3797 701 3875 plene
720 3793 881 3854 confirmet
902 3795 1035 3854 narratio
1057 3793 1163 3858 Trebii

169 3887 259 3968 Nigri
276 3889 408 3952 ePlinio
424 3915 451 3975 9.
468 3913 494 3956 c.
504 3893 553 3956 30.
569 3903 639 3955 secl
653 3896 702 3954 48.
716 3897 812 3955 relate
827 3895 865 3955 de
878 3895 1016 3975 polypis:
1035 3895 1164 3957 Auidio-
1214 3934 1217 3943 =

169 3991 262 4047 rimor
274 4010 336 4049 esee
348 3993 551 4055 concliorum:
572 3997 642 4056 illoc
656 3994 701 4054 ad
713 4005 831 4054 tactum
848 3998 1021 4076 comprimi,
1040 4000 1162 4076 proeci-

170 4087 274 4149 dentee
285 4089 412 4152 brachio
426 4111 545 4168 eorum,
564 4095 701 4180 vitroque
713 4114 861 4156 escuroer
868 4095 1036 4174 praedante
1049 4117 1162 4184 capere,

210 4171 387 4252 Assumit.
788 4192 835 4256 Ll
