2959 5000
360 526 420 609 394
490 566 493 577 .
583 518 742 581 cvuAE
782 518 1121 583 possesiones

357 688 600 761 animabant,
616 696 668 746 ant
688 706 752 746 non
765 687 922 769 significat.
971 689 1144 771 Dispioiant
1162 691 1253 772 igilur
1271 716 1342 758 aen.

355 792 464 868 tiores,
484 808 561 869 quae
578 808 651 849 vere
664 787 705 846 sit
725 788 815 849 buius
827 790 890 853 loei
907 788 1066 869 seriptura.

436 890 485 951 Ad
504 890 540 965 V,
569 908 614 963 12,
636 890 663 949 5.
678 898 708 948 et
725 907 771 948 10.
800 892 895 969 μέχρι
912 896 962 951 lul
983 892 1126 967 τριετίαν
1139 924 1181 939 --
1192 894 1288 973 μέχρι
1299 896 1346 955 lul

353 994 476 1073 τριιτές.
517 988 680 1068 vulgatum
694 988 727 1045 in
740 988 809 1047 loeo
824 988 997 1065 posteriore
1011 988 1346 1071 λττιτριετοῦςιιοιιτοᾶ-

319 1151 322 1159 ,
352 1090 431 1153 didit
447 1090 570 1163 Carnus,
591 1106 647 1146 neo
662 1094 730 1148 ante
745 1084 827 1144 Gaea
839 1095 892 1145 ant
901 1086 1046 1166 Scaliger.
1096 1089 1133 1148 ln
1155 1091 1348 1153 annotatione

352 1202 383 1253 et
411 1190 564 1269 scriptura
584 1194 688 1245 nostra
716 1193 800 1260 aunt,
822 1203 914 1262 quse,
940 1208 977 1247 re
999 1188 1169 1248 aasentias
1187 1195 1347 1268 pensitato,

351 1312 435 1352 nune
447 1310 511 1351 non
526 1288 616 1371 plene
629 1286 775 1366 approbo.
816 1284 888 1343 Non
900 1287 1084 1347 recordabar
1099 1298 1166 1347 tum
1181 1288 1258 1368 legis
1267 1292 1348 1350 Atti-

350 1410 401 1451 eae
415 1390 494 1469 apud
508 1388 743 1447 Demosthenem
749 1428 760 1457 ,
781 1404 859 1463 quae
873 1386 972 1447 lilium
987 1384 1153 1470 ἐπικλήρου
1168 1386 1273 1447 matria
1287 1410 1346 1449 το-

350 1492 433 1551 lebat
445 1490 491 1549 rei
507 1508 579 1547 suae
595 1494 765 1566 compotem
778 1485 856 1559 fieri,
875 1488 1000 1567 κρατεῖν
1013 1486 1073 1550 τῶν
1082 1484 1264 1569 χρημάτων,
1276 1500 1347 1567 post

350 1610 463 1650 annum
476 1590 604 1649 alterum
619 1586 740 1647 finitum
758 1606 775 1643 a
789 1587 957 1663 pubertate,
979 1586 1123 1655 ἐπιδιετὲς
1137 1584 1275 1669 ἡβῶντα,
1296 1589 1347 1649 vel

351 1686 477 1753 ἐπειδᾶν
491 1688 635 1754 λπιλιιτὲς
650 1682 773 1772 ἡβήσῃ,
795 1686 855 1745 hoe
870 1696 930 1758 est,
950 1685 1223 1764 interpretantibus
1237 1688 1345 1748 Gram-

348 1789 465 1850 meticis
473 1787 612 1867 antiquis,
634 1794 704 1865 post
720 1804 835 1844 annum
843 1786 947 1845 aetatis
958 1786 1187 1867 sexagesimum.
1231 1789 1344 1850 Puber-

345 1898 437 1950 tatem
452 1888 535 1947 enim
548 1903 628 1945 anuo
651 1896 760 1964 questo
779 1894 811 1944 et
833 1885 952 1945 decimo
973 1886 1135 1964 assignant.
1155 1882 1276 1971 ἔφηβοι
1297 1888 1344 1947 di-

346 1998 458 2047 cuntur
470 1986 669 2048 Athenienses
684 1985 811 2043 iuuenes
819 1995 892 2064 post
902 2004 1016 2044 annuns
1028 1986 1195 2064 pubertatis
1214 1988 1343 2047 alterum

345 2086 474 2147 finitum.
517 2086 583 2145 lloo
597 2084 691 2165 igitur
713 2086 855 2164 exemplo
879 2086 993 2143 dietum
1013 2093 1089 2162 puto
1111 2090 1149 2147 ab
1170 2088 1343 2162 Aristotele,

344 2182 511 2268 potentiam
525 2184 644 2244 vtiliter
653 2183 785 2245 coeundi
799 2184 911 2244 durare
919 2183 954 2241 in
969 2202 1062 2264 espro
1071 2205 1169 2264 vaque
1178 2188 1221 2246 ad
1233 2208 1343 2248 annum

344 2282 447 2345 aetatis
464 2282 589 2341 tertium
615 2280 752 2352 finitum,
784 2284 886 2342 idest
912 2285 1039 2363 paulum
1063 2284 1145 2345 vltra
1166 2286 1342 2349 triennium.

343 2384 419 2445 Cum
434 2390 534 2443 eutem
541 2377 744 2456 Philosophus
755 2382 863 2461 μέχρι,
884 2382 939 2441 vbi
945 2380 1146 2445 directionem
1159 2386 1198 2444 ad
1208 2387 1339 2467 aliquem
1450 2409 1451 2440 ι

342 2482 436 2544 linem
453 2475 632 2561 simplieiter
651 2476 816 2558 signifieat,
847 2503 916 2542 oum
936 2482 1072 2562 genitiuo
1091 2485 1213 2566 iungere
1234 2488 1336 2562 soleat,

343 2582 426 2646 baud
434 2579 499 2640 seio
516 2597 556 2640 en
573 2576 723 2656 scriptura
739 2584 834 2662 μέχρι
846 2583 1033 2662 ἐτιτριετοῦς
1043 2587 1204 2667 utrobique
1219 2589 1337 2668 praefe-

341 2683 438 2745 renda
452 2680 505 2740 sit:
529 2687 611 2739 certe
626 2679 721 2738 alteru
745 2685 930 2761 ἐπιτριιτίας
957 2683 1099 2763 exemplo
1121 2697 1221 2758 earet,
1250 2688 1338 2748 tertia

342 2788 391 2844 lul
404 2782 516 2862 τριετὲς
530 2781 688 2838 notionem
701 2779 809 2838 selsam
823 2780 964 2842 includit.
1060 2807 1065 2814 ’

424 2880 473 2938 Διὶ
488 2878 524 2950 V,
540 2879 584 2938 ιδ·
610 2879 731 2939 initium
754 2899 848 2958 esque
871 2885 908 2943 ad
937 2884 1069 2944 medium
1087 2901 1166 2960 qnae
1184 2885 1338 2943 monenda

341 2987 437 3050 erant,
450 2977 539 3055 posui
552 2995 644 3058 supra
658 2979 691 3037 in
707 2981 951 3042 annotationibus
966 2987 1004 3044 ad
1020 2981 1092 3044 libri
1104 2985 1134 3041 4.
1155 2994 1248 3063 capnt
1264 2987 1295 3041 4.

341 3105 344 3112 .
419 3077 468 3136 Au
482 3075 517 3150 V,
538 3075 584 3151 ιδ,
602 3078 630 3136 5.
652 3073 703 3139 διδ
718 3087 773 3142 καλ
784 3083 952 3162 χωρίζεται
964 3080 984 3142 ό
998 3081 1155 3162 τράχηλος
1169 3091 1226 3145 καλ
1238 3083 1261 3158 ἡ
1272 3082 1336 3164 μή·

340 3191 419 3240 κων·
435 3209 474 3223 -
491 3172 728 3256 ἀφαιρεθέντος
746 3184 852 3242 τοίνυν
874 3178 998 3263 ἀνάγκη
1018 3183 1213 3270 διῃρῆσθαι.
1256 3187 1336 3243 Gaza

338 3279 447 3340 vertit:
468 3294 559 3359 quom
571 3276 607 3334 ob
619 3297 682 3335 rem
698 3283 808 3354 euenit,
832 3291 865 3336 τι
883 3283 993 3342 cottum
1009 3305 1029 3340 a
1043 3306 1200 3363 poposcere
1212 3305 1334 3361 aspare-

339 3392 399 3440 tur.
417 3411 459 3426 -
481 3383 584 3457 itaque
595 3375 731 3436 detracto
746 3379 823 3452 flore
842 3377 1021 3438 diuiduntur
1036 3393 1142 3460 partae
1163 3387 1254 3453 istae,
1276 3401 1333 3440 m-
1404 3423 1408 3432 ·

338 3501 418 3540 ossas
439 3490 492 3538 est.
547 3473 700 3556 Scaliger:
722 3478 806 3556 Ergo
830 3477 938 3536 oollam
960 3501 982 3538 o
1001 3499 1154 3558 papauere
1173 3493 1332 3560 reparant,

336 3582 507 3660 quorums'n
528 3574 623 3634 medio
638 3579 701 3653 flos
724 3585 777 3633 est.
798 3607 840 3622 -
883 3579 985 3652 Quare
1006 3577 1109 3634 oblato
1127 3597 1181 3647 eo,
1212 3599 1334 3641 messae

337 3689 403 3746 eal,
427 3679 480 3738 illa
494 3697 610 3760 quoque
623 3678 769 3755 separari.
816 3669 936 3729 Census:
978 3675 1044 3749 asu·
1063 3674 1101 3732 de
1116 3679 1248 3755 premite
1265 3681 1332 3740 leur

328 3777 431 3851 fleur,
452 3800 486 3837 oe
506 3783 558 3857 qui
582 3775 709 3835 ddtaelre
729 3775 756 3832 Is
776 3791 833 3829 oou
854 3771 897 3828 du
917 3773 1104 3838 moeon‚'-
1123 3778 1150 3834 il
1162 3773 1242 3863 saut
1260 3777 1331 3837 bien.

335 3871 422 3947 qu'en
436 3875 600 3934 l’enlsvont
624 3895 673 3933 ees
687 3871 888 3950 dsuaportiee
903 3890 934 3927 se
956 3883 1103 3950 separent.
1153 3877 1190 3936 ln
1213 3880 1330 3956 graecia

334 3974 381 4024 eat
395 3963 536 4035 dubium.
557 3973 709 4049 quomodo
722 3971 779 4028 flos
802 3968 961 4028 eximatur.
1006 3970 1107 4034 Verba
1128 3975 1210 4033 enim
1231 3985 1329 4057 χωρί·

331 4063 420 4132 ζεται
437 4061 456 4122 o‘
471 4066 626 4147 τράχηλος
640 4077 697 4132 καὶ
718 4066 861 4153 'innixos
879 4079 1009 4150 possunt
1025 4073 1116 4132 etiam
1139 4075 1325 4156 significare:
