2959 5000
319 473 381 519 200
618 453 994 519 ADNOTATIONES

317 623 466 700 Deinceps
480 623 637 701 vulgatum
659 621 678 685 ὅ
693 619 838 703 ἀφισμός
857 645 895 684 ex
910 624 988 684 bled.
1002 625 1139 701 correxi,
1157 647 1225 689 cum
1240 651 1300 710 qno

317 722 391 781 facit
404 722 505 782 versio
512 721 539 780 'l’
541 725 656 783 homae.
680 725 758 784 Male
774 724 853 782 Gaza
865 724 971 784 vertit:
985 740 1015 785 st
1026 732 1064 801 ιί,
1084 748 1153 787 cum
1160 741 1301 810 pergunt,

318 843 371 882 νισι
392 827 455 900 ipss
465 822 551 904 forte
570 824 739 892 aberrauit,
762 843 861 882 omnes
883 829 1039 906 impiari-ers.
1075 827 1173 888 Aliter
1191 829 1303 890 errauit

318 923 477 983 Albertus:
506 925 626 982 Dicunt
641 935 741 982 autem
764 925 876 1002 aliqui,
897 928 979 1005 quod
993 929 1117 1008 quondo
1129 929 1207 1010 pulli
1221 931 1304 988 ιἰιιιι-

234 1081 238 1086 ,
318 1041 371 1080 nes
386 1021 550 1102 aliquando
569 1022 753 1080 arsittuntssr
770 1033 799 1080 st
818 1025 948 1084 auolant
967 1031 1033 1084 sios
1052 1047 1140 1108 rege,
1161 1031 1245 1110 quod
1254 1051 1307 1090 rer

318 1131 392 1180 tunc
408 1125 527 1202 praeerit
540 1139 590 1202 eoo
612 1130 642 1180 st
659 1126 816 1201 cognoscit
833 1143 883 1182 soa
904 1128 1043 1182 inuentos
1059 1148 1097 1183 ex
1116 1128 1213 1187 odore.
1249 1128 1308 1188 Er·
1421 1152 1425 1160 ⁴

316 1239 418 1279 rorem
434 1239 541 1297 perere
554 1220 654 1296 potuit
670 1222 820 1300 scriptura
836 1223 945 1282 vitiosa
960 1220 1146 1301 nimpodorae
1162 1249 1220 1306 pro
1234 1225 1307 1289 cirs-

311 1316 494 1395 χνευσύσας.
528 1318 667 1405 Denique
688 1317 745 1380 τόν
764 1318 865 1383 αὐτῶν
886 1319 980 1404 ἑσμόν
995 1326 1102 1403 scripsi
1123 1349 1162 1388 ex
1177 1329 1258 1388 bled.
1275 1340 1307 1390 et

314 1416 457 1476 versione
473 1416 608 1477 'l'bomae
623 1438 680 1498 pro
694 1418 816 1497 vulgato
838 1417 893 1482 uir
909 1421 1065 1504 ἀφεσμόν.
1105 1426 1163 1486 Pro
1183 1425 1305 1500 ἀπόλη-

313 1537 368 1575 ται
389 1515 466 1576 Edd.
486 1535 534 1594 pr.
560 1512 743 1579 ἀπόλλυται
764 1520 890 1593 hebent,
930 1521 1012 1600 quod
1039 1523 1148 1584 vitium
1167 1525 1305 1584 correxit

314 1612 463 1695 Sylburg,
485 1615 721 1695 approbantibus
743 1615 837 1678 Codd.
855 1618 972 1678 Plinius
993 1641 1040 1682 ιι.
1059 1642 1082 1680 s.
1102 1643 1147 1701 ¹7·
1162 1623 1306 1681 Procedit

247 1745 249 1749 ·
307 1713 401 1794 soros
414 1737 476 1775 non
489 1718 550 1775 ιιίιί
561 1720 730 1793 nsigrcturo
743 1723 880 1778 ιισιιιιιιι
897 1754 938 1766 -
954 1723 1077 1780 Ferrum
1089 1722 1220 1780 hormie
1231 1721 1305 1781 sub-
1351 1763 1356 1774 ·

314 1813 435 1882 leuant,
457 1813 586 1872 validius
592 1817 766 1893 fatigatum
781 1839 818 1876 ιι·
829 1829 893 1875 toto
905 1830 1040 1898 portant.
1067 1823 1177 1901 Siqua
1186 1822 1304 1881 Ιιιιιιιεσ

314 1907 419 1982 deficit
426 1909 578 1989 «sulforis
592 1911 766 1984 aberrauit,
783 1917 871 1973 odore
881 1923 1076 1996 persequitur.
1087 1921 1140 1978 vbi
1152 1931 1232 1980 recte
1242 1915 1303 1981 D'a-

313 2002 480 2086 lecasnpius
495 2010 627 2066 ἱαιισιιιι
641 2010 775 2089 corrigit
796 2009 909 2071 Locum
925 2027 1062 2083 nostrum
1079 2022 1234 2100 excerpsit
1244 2023 1303 2082 Ae-

313 2103 415 2164 bonus
430 2105 464 2164 ll.
481 2105 513 2166 A.
531 2109 566 2181 5,
587 2126 631 2166 so.

354 2211 411 2264 sset
424 2203 522 2280 κηρία
536 2204 709 2286 ποιήσωσι]
730 2208 826 2288 Vulgo
846 2210 1038 2276 intersertam
1055 2221 1245 2298 negationem
1265 2218 1305 2282 osi

254 2316 257 2321 '
314 2323 383 2361 cum
406 2302 499 2360 Codd
517 2312 549 2362 et
569 2305 759 2366 versionibus
779 2310 875 2368 tribus
899 2314 1002 2375 omisit
1023 2329 1104 2377 recte
1125 2317 1248 2393 Census,
1271 2313 1315 2380 et'

311 2401 374 2463 ism
395 2401 470 2459 olim
490 2401 587 2462 deleri
606 2402 694 2463 iussit
715 2404 858 2487 Scaliger.
901 2412 1043 2474 Albertus
1059 2417 1116 2478 hoc
1130 2422 1300 2480 membrum

197 2493 205 2511 ‘
314 2499 424 2561 omisit.
746 2568 753 2577 ,
853 2546 857 2555 .

356 2620 384 2680 7.
408 2597 680 2685 άναῤῥιχῶμεναι]
700 2603 877 2688 ἀρχόμεναι
892 2606 999 2673 Medic.
1010 2612 1109 2675 canis.
1124 2621 1301 2700 incipientes

312 2703 415 2762 versio
422 2700 565 2763 Tbomae.
582 2702 797 2786 ᾰρῥιχώμειαι
807 2710 898 2771 Vetic
926 2712 1062 2790 Sequens
1075 2712 1159 2793 ’βρύα
1168 2718 1195 2777 Τ
1195 2718 1300 2778 bomne

312 2806 459 2873 virentia,
482 2803 564 2861 Gaza
579 2814 611 2863 st
620 2805 761 2866 Albertus
767 2812 880 2887 stores,
902 2812 1035 2891 Scaliger
1047 2818 1184 2893 gsrnss'no
1197 2818 1301 2878 vertit.

311 2900 463 2976 Deinceps
482 2896 561 2981 opio
577 2902 750 2981 importune
771 2909 917 2969 insertum
942 2922 1009 2971 erite
1035 2916 1098 2981 τοῖς
1120 2914 1302 2999 ἔμπροσθεν

312 3020 382 3058 cum
398 2996 493 3059 codd.
510 3010 540 3059 et
554 3002 695 3064 versione
708 3006 845 3069 'rhomae
860 3008 963 3071 omisit
973 3010 1090 3074 Comus.
1130 3014 1236 3077 Postea
1252 3024 1303 3079 tn-

310 3096 563 3180 possesorem
581 3106 675 3163 vertit
695 3106 873 3189 abstergunt
886 3118 920 3171 in
939 3114 1064 3191 medios,
1088 3116 1221 3195 Scaliger
1237 3138 1301 3176 ms-

311 3196 371 3258 diss
384 3196 580 3277 choragum,
601 3202 937 3271 Albertus'conusrrrsns
950 3234 1018 3273 eam
1032 3218 1137 3275 mediis
1145 3216 1278 3295 pedibus.

350 3291 485 3382 βλαισιί]
506 3296 590 3358 lianc
607 3300 768 3363 lectionem
788 3327 806 3363 a
826 3306 991 3390 Sylbnrgio
1008 3316 1171 3393 praelatam
1195 3314 1300 3391 vulgo·

310 3410 358 3461 tae
372 3398 563 3484 pistrices
587 3399 667 3461 bled.
683 3402 779 3463 varie
794 3410 910 3486 recepit
930 3408 1053 3487 Qmus,
1076 3412 1128 3471 sed
1147 3422 1251 3490 postea
1265 3410 1299 3469 in

309 3499 434 3560 Notitiis
452 3496 598 3560 cottam
617 3500 697 3561 idem
717 3524 757 3563 ex
773 3504 850 3565 Med.
866 3517 897 3567 et
906 3508 1020 3569 Veneto
1036 3510 1148 3571 Codice
1163 3508 1297 3592 βλαισία

311 3601 473 3662 annotabit
511 3599 642 3659 Thomas
661 3603 754 3661 vertit
773 3626 887 3679 consa,
918 3609 996 3666 Gaze
1016 3610 1135 3682 blaeso,
1164 3608 1298 3691 Scaliger

310 3715 500 3762 seruaturus.
538 3700 689 3779 Deinceps
699 3704 887 3783 βιασθεῖσαι
904 3706 1017 3765 babent
1031 3706 1106 3767 Edd.
1130 3730 1175 3791 pr.
1188 3732 1298 3771 verum

309 3804 510 3880 γεμισθιῖσαι
524 3818 592 3857 cnm
613 3797 787 3859 comotione
803 3800 910 3863 Medic.
932 3814 962 3864 et
976 3805 1070 3867 Vatic.
1086 3808 1207 3873 babent.
1242 3812 1298 3871 Al-

309 3902 426 3958 bertus:
453 3912 482 3957 st
504 3901 666 3958 inuoluunt
684 3902 768 3961 circo
791 3921 883 3961 coroa
901 3905 1011 3984 pedeure
1023 3914 1239 3987 posteriorum,
1267 3922 1298 3970 et

310 4010 384 4059 ιιιιισ
394 4003 491 4080 primo
505 3999 608 4060 volant
620 4021 689 4061 σιισι
704 4004 772 4084 ipso
787 4014 817 4063 et
830 4009 1101 4089 temptantpondua
1112 4014 1226 4072 ιὶιιιαιι
1238 4011 1297 4071 do-
